% Merged and deduplicated BibTeX file
% Combined from all Ronald G. Thomas publication files
% Generated: 2025-07-01

@article{mcevoy2024cumulative,
  title={Cumulative blast impulse is predictive for changes in chronic neurobehavioral symptoms following low level blast exposure during military training},
  author={McEvoy, Cory and Crabtree, Adam and Case, John and Means, Gary E and Muench, Peter and Thomas, Ronald G and Ivory, Rebecca A and Mihalik, Jason and Meabon, James S},
  journal={Military medicine},
  pages={e2069-e2077},
  year={2024},
  publisher={Oxford University Press US}
}

@article{galasko2024multicenter,
  title={A multicenter, randomized, double-blind, placebo-controlled ascending dose study to evaluate the safety, tolerability, pharmacokinetics (PK) and pharmacodynamic (PD) effects of Posiphen in subjects with Early Alzheimer's Disease},
  author={Galasko, Douglas and Farlow, Martin R and Lucey, Brendan P and Honig, Lawrence S and Elbert, Donald and Bateman, Randall and Momper, Jeremiah and Thomas, Ronald G and Rissman, Robert A and Pa, Judy and others},
  journal={Alzheimer's Research \& Therapy},
  volume={16},
  number={1},
  pages={151},
  year={2024},
  publisher={BioMed Central London}
}

@article{terry2024increased,
  title={Increased [18F] Fluorodeoxyglucose Uptake in the Left Pallidum in Military Veterans with Blast-Related Mild Traumatic Brain Injury: Potential as an Imaging Biomarker and Mediation with Executive Dysfunction and Cognitive Impairment},
  author={Terry, Garth and Pagulayan, Kathleen F and Muzi, Mark and Mayer, Cynthia and Murray, Daniel R and Schindler, Abigail G and Richards, Todd L and McEvoy, Cory and Crabtree, Adam and McNamara, Chris and others},
  journal={Journal of Neurotrauma},
  year={2024},
  publisher={Mary Ann Liebert, Inc., publishers 140 Huguenot Street, 3rd Floor New~â€¦}
}

@article{hendrickson2023relative,
  title={The relative contribution of COVID-19 infection versus COVID-19 related occupational stressors to insomnia in healthcare workers},
  author={Hendrickson, Rebecca C and McCall, Catherine A and Rosser, Aaron F and Pagulayan, Kathleen F and Chang, Bernard P and Sano, Ellen D and Thomas, Ronald G and Raskind, Murray A},
  journal={Sleep medicine: X},
  volume={5},
  pages={100067},
  year={2023},
  publisher={Elsevier}
}

@article{ghisays2023impact,
  title={Impact of reference region on longitudinal florbetapir PET SUVR changes from the API ADAD Colombia Trial},
  author={Ghisays, Valentina and Lopera, Francisco and Su, Yi and Malek-Ahmadi, Michael H and Chen, Yinghua and Protas, Hillary D and Luo, Ji and Hu, Nan and Clayton, David and Schiffman, Courtney and others},
  journal={Alzheimer's \& Dementia},
  volume={19},
  pages={e082317},
  year={2023}
}

@article{qiu2023prognostic,
  title={Prognostic value of plasma biomarkers in a clinical trial of mild-to-moderate Alzheimer's Disease},
  author={Qiu, Yuqi and Messer, Karen and Jacobs, Diane M and Salmon, David P and Kaplita, Stephen and Wellington, Cheryl L and Stukas, Sophie K and Askew, Brianna and Brewer, James B and Brody, Mark and others},
  journal={Alzheimer's \& Dementia},
  volume={19},
  pages={e076047},
  year={2023}
}

@inproceedings{terry2023fdg,
  title={FDG-PET as a Clinical Diagnostic Biomarker for Repetitive Blast Mild Traumatic Brain Injury},
  author={Terry, Garth and Pagulayan, Kati and Muzi, Mark and Mayer, Cynthia and Murray, Daniel and Schindler, Abigail and Richards, Todd and McEvoy, Cory and Crabtree, Adam and McNamara, Chris and others},
  booktitle={NEUROPSYCHOPHARMACOLOGY},
  volume={48},
  pages={320--321},
  year={2023},
  organization={SPRINGERNATURE CAMPUS, 4 CRINAN ST, LONDON, N1 9XW, ENGLAND}
}

@article{keil2023longitudinal,
  title={Longitudinal Sleep Patterns and Cognitive Impairment in Older Adults},
  author={Keil, Samantha A and Schindler, Abigail G and Wang, Marie X and Piantino, Juan and Silbert, Lisa C and Elliott, Jonathan E and Werhane, Madeleine L and Thomas, Ronald G and Willis, Sherry and Lim, Miranda M and others},
  journal={JAMA Network Open},
  volume={6},
  number={12},
  pages={e2346006--e2346006},
  year={2023},
  publisher={American Medical Association}
}

@article{vila2022sex,
  title={Sex differences in cognitive resilience in preclinical autosomal-dominant Alzheimer's disease carriers and non-carriers: baseline findings from the API ADAD Colombia Trial},
  author={Vila-Castelar, Clara and Tariot, Pierre N and Sink, Kaycee M and Clayton, David and Langbaum, Jessica B and Thomas, Ronald G and Chen, Yinghua and Su, Yi and Chen, Kewei and Hu, Nan and others},
  journal={Alzheimer's \& Dementia},
  volume={18},
  number={11},
  pages={2272--2282},
  year={2022}
}

@article{reiman2023public,
  title={A public resource of baseline data from the Alzheimer's Prevention Initiative Autosomal-Dominant Alzheimer's Disease Trial},
  author={Reiman, Eric M and Pruzin, Jeremy J and Rios-Romenets, Silvia and Brown, Chris and Giraldo, Margarita and Acosta-Baena, Natalia and Tobon, Carlos and Hu, Nan and Chen, Yinghua and Ghisays, Valentina and others},
  journal={Alzheimer's \& Dementia},
  volume={19},
  number={5},
  pages={1938--1946},
  year={2023}
}

@article{meabon2023pontine,
  title={Pontine pathology mediates common symptoms of blast-induced chronic mild traumatic brain injury},
  author={Meabon, James S and Schindler, Abigail G and Murray, Daniel R and Colasurdo, Elizabeth A and Sikkema, Carl L and Rodriguez, Joshua W and Omer, Mohamed and Cline, Marcella M and Logsdon, Aric F and Cross, Donna J and others},
  journal={medRxiv},
  pages={2023--01},
  year={2023},
  publisher={Cold Spring Harbor Laboratory Press}
}

@article{raskind2023randomized,
  title={A randomized controlled clinical trial of prazosin for alcohol use disorder in active duty soldiers: Predictive effects of elevated cardiovascular parameters},
  author={Raskind, Murray A and Williams, Tammy and Holmes, Hollie and Hart, Kim and Crews, Laura and Poupore, Eileen L and Thomas, Ronald G and Darnell, Jolee and Daniels, Colin and Goke, Kevin and others},
  journal={Alcoholism: Clinical and Experimental Research},
  volume={47},
  number={2},
  pages={348--360},
  year={2023}
}

@article{hendrickson2022impact,
  title={The impact of the COVID-19 pandemic on mental health, occupational functioning, and professional retention among health care workers and first responders},
  author={Hendrickson, Rebecca C and Slevin, Rois{\'\i}n A and Hoerster, Katherine D and Chang, Bernard P and Sano, Ellen and McCall, Catherine A and Monty, Gillian R and Thomas, Ronald G and Raskind, Murray A},
  journal={Journal of general internal medicine},
  volume={37},
  number={2},
  pages={397--408},
  year={2022},
  publisher={Springer International Publishing}
}

@article{shadyab2022t2,
  title={T2 Protect AD: Achieving a rapid recruitment timeline in a multisite clinical trial for individuals with mild to moderate Alzheimer's disease},
  author={Shadyab, Aladdin H and LaCroix, Andrea Z and Matthews, Genevieve and Bennett, Daniel and Shadyab, Alexandre A and Tan, Donna and Thomas, Ronald G and Mason, Jennifer and Lopez, Alex and Askew, Brianna and others},
  journal={Alzheimer's \& Dementia: Translational Research \& Clinical Interventions},
  volume={8},
  number={1},
  pages={e12265},
  year={2022}
}

% Clinical Trial Publications (from Trials.bib)

@article{sano1997controlled,
  title={A controlled trial of selegiline, alpha-tocopherol, or both as treatment for Alzheimer's disease},
  author={Sano, Mary and Ernesto, Christopher and Thomas, Ronald G and Klauber, Melville R and Schafer, Kimberly and Grundman, Michael and Woodbury, Peter and Growdon, John and Cotman, Carl W and Pfeiffer, Eric and others},
  journal={New England Journal of Medicine},
  volume={336},
  number={17},
  pages={1216--1222},
  year={1997},
  publisher={Mass Medical Soc}
}

@article{mulnard2000alzheimer,
  title={for the Alzheimer's Disease Cooperative Study: Estrogen replacement therapy for treatment of mild to moderate Alzheimer disease: a randomized controlled trial},
  author={Mulnard, RA and Cotman, CW and Kawas, C and Van Dyck, CH and Sano, M
	  and Doody, R and Koss, E and Pfeiffer, E and Jin, S and Gamst, A and
	  Grundman, M and Thomas R and Thal L},
  journal={JAMA},
  volume={283},
  number={1007},
  pages={15},
  year={2000}
}

@article{petersen2005vitamin,
  title={Vitamin E and donepezil for the treatment of mild cognitive impairment},
  author={Petersen, Ronald C and Thomas, Ronald G and Grundman, Michael and Bennett, David and Doody, Rachelle and Ferris, Steven and Galasko, Douglas and Jin, Shelia and Kaye, Jeffrey and Levey, Allan and others},
  journal={New England Journal of Medicine},
  volume={352},
  number={23},
  pages={2379--2388},
  year={2005},
  publisher={Massachusetts Medical Society}
}

@article{doody2014phase,
  title={Phase 3 trials of solanezumab for mild-to-moderate Alzheimer's disease},
  author={Doody, Rachelle S and Thomas, Ronald G and Farlow, Martin and Iwatsubo, Takeshi and Vellas, Bruno and Joffe, Steven and Kieburtz, Karl and Raman, Rema and Sun, Xiaoying and Aisen, Paul S and others},
  journal={New England Journal of Medicine},
  volume={370},
  number={4},
  pages={311--321},
  year={2014},
  publisher={Mass Medical Soc}
}

@article{doody2008effect,
  title={Effect of dimebon on cognition, activities of daily living, behaviour, and global function in patients with mild-to-moderate Alzheimer's disease: a randomised, double-blind, placebo-controlled study},
  author={Doody, Rachelle S and Gavrilova, Svetlana I and Sano, Mary and Thomas, Ronald G and Aisen, Paul S and Bachurin, Sergey O and Seely, Lynn and Hung, David and others},
  journal={The Lancet},
  volume={372},
  number={9634},
  pages={207--215},
  year={2008},
  publisher={Elsevier}
}

@article{doody2013phase,
  title={A phase 3 trial of semagacestat for treatment of Alzheimer's disease},
  author={Doody, Rachelle S and Raman, Rema and Farlow, Martin and Iwatsubo, Takeshi and Vellas, Bruno and Joffe, Steven and Kieburtz, Karl and He, Feng and Sun, Xiaoying and Thomas, Ronald G and others},
  journal={New England Journal of Medicine},
  volume={369},
  number={4},
  pages={341--350},
  year={2013},
  publisher={Mass Medical Soc}
}

@article{relkin2017phase,
  title={A phase 3 trial of IV immunoglobulin for Alzheimer disease},
  author={Relkin, Norman R and Thomas, Ronald G and Rissman, Robert A and Brewer, James B and Rafii, Michael S and Van Dyck, Christopher H and Jack, Clifford R and Sano, Mary and Knopman, David S and Raman, Rema and others},
  journal={Neurology},
  volume={88},
  number={18},
  pages={1768--1775},
  year={2017},
  publisher={Wolters Kluwer Health, Inc. on behalf of the American Academy of Neurology}
}

@article{rafii2018adeno,
  title={Adeno-associated viral vector (serotype 2)--nerve growth factor for patients with alzheimer disease: a randomized clinical trial},
  author={Rafii, Michael S and Tuszynski, Mark H and Thomas, Ronald G and Barba, David and Brewer, James B and Rissman, Robert A and Siffert, Joao and Aisen, Paul S and AAV2-NGF Study Team and others},
  journal={JAMA neurology},
  volume={75},
  number={7},
  pages={834--841},
  year={2018},
  publisher={American Medical Association}
}

@article{aisen2003alzheimer,
  title={Alzheimer's Disease Cooperative Study. Effects of rofecoxib or naproxen vs placebo on Alzheimer disease progression: a randomized controlled trial},
  author={Aisen, PS and Schafer, KA and Grundman, M and Pfeiffer, E and Sano, M and Davis, KL and Farlow, MR and Jin, S and Thomas, RG and Thal, LJ},
  journal={Jama},
  volume={289},
  number={21},
  pages={2819--2826},
  year={2003}
}

@article{quinn2010docosahexaenoic,
  title={Docosahexaenoic acid supplementation and cognitive decline in Alzheimer disease: a randomized trial},
  author={Quinn, Joseph F and Raman, Rema and Thomas, Ronald G and Yurko-Mauro, Karin and Nelson, Edward B and Van Dyck, Christopher and Galvin, James E and Emond, Jennifer and Jack, Clifford R and Weiner, Michael and others},
  journal={Jama},
  volume={304},
  number={17},
  pages={1903--1911},
  year={2010},
  publisher={American Medical Association}
}

% Longitudinal Data Analysis Publications (from long.citationsMar22.bib)

@article{petersen2017randomized,
  title={Randomized controlled trials in mild cognitive impairment: sources of variability},
  author={Petersen, Ronald C and Thomas, Ronald G and Aisen, Paul S and Mohs, Richard C and Carrillo, Maria C and Albert, Marilyn S and Alzheimer's Disease Neuroimaging Initiative (ADNI and others},
  journal={Neurology},
  volume={88},
  number={18},
  pages={1751--1758},
  year={2017},
  publisher={Wolters Kluwer Health, Inc. on behalf of the American Academy of Neurology}
}

@article{thomas2016longitudinal,
  title={Longitudinal decline in mild-to-moderate Alzheimer's disease: analyses of placebo data from clinical trials},
  author={Thomas, Ronald G and Albert, Marilyn and Petersen, Ronald C and Aisen, Paul S},
  journal={Alzheimer's \& Dementia},
  volume={12},
  number={5},
  pages={598--603},
  year={2016},
  publisher={No longer published by Elsevier}
}

@article{thomas2000analysis,
  title={Analysis of longitudinal data in an Alzheimer's disease clinical trial},
  author={Thomas, Ronald G and Berg, Julie D and Sano, Mary and Thal, Leon},
  journal={Statistics in medicine},
  volume={19},
  number={11-12},
  pages={1433--1440},
  year={2000},
  publisher={Wiley Online Library}
}

@article{hu2021power,
  title={Power and sample size for random coefficient regression models in randomized experiments with monotone missing data},
  author={Hu, Nan and Mackey, Howard and Thomas, Ronald},
  journal={Biometrical Journal},
  volume={63},
  number={4},
  pages={806--824},
  year={2021}
}

@article{hendrickson2020optimizing,
  title={Optimizing aggregated n-of-1 trial designs for predictive biomarker validation: statistical methods and theoretical findings},
  author={Hendrickson, Rebecca C and Thomas, Ronald G and Schork, Nicholas J and Raskind, Murray A},
  journal={Frontiers in Digital Health},
  pages={13},
  year={2020},
  publisher={Frontiers}
}

% Machine Learning Publications (from ml.citationsMar22.bib)

@article{astion1994application,
  title={Application of neural networks to the classification of giant cell arteritis},
  author={Astion, Michael L and Wener, Mark H and Thomas, Ronald G and Hunder, Gene G and Bloch, Daniel A},
  journal={Arthritis \& Rheumatism: Official Journal of the American College of
	   Rheumatology},
  volume={37},
  number={5},
  pages={760--770},
  year={1994},
  publisher={John Wiley \& Sons, Inc. New York}
}

@article{astion1993overtraining,
  title={Overtraining in neural networks that interpret clinical data},
  author={Astion, ML and Wener, MH and Thomas, RG and Hunder, GG and Bloch, DA},
  journal={Clinical chemistry},
  volume={39},
  number={9},
  pages={1998--2004},
  year={1993},
  publisher={Oxford University Press}
}

@article{Jansson2022,
  author = {Jansson, Deidre and Wang, Marie and Thomas, Ronald G. and Erickson, Michelle A. and Peskind, Elaine R. and Li, Ge and Iliff, Jeffrey},
  file = {:Users/zenn/Downloads/Jansson JAD 2022.pdf:pdf},
  journal = {Journal of Alzheimer's Disease},
  keywords = {biomarkers,blood-brain barrier,cerebrospinal fluid,hdl,ldl,ptau,tau},
  number = {2},
  pages = {813--826},
  title = {{Markers of Cerebrovascular Injury, Inflammation, and Plasma Lipids Are Associated with Alzheimer's Disease Cerebrospinal Fluid Biomarkers in Cognitively Normal Persons}},
  volume = {86},
  year = {2022}
}

@article{seubert1997apoe,
  title={ApoE genotype influences the CSF level of A $\\beta$ 42 in Alzheimer's disease},
  author={Seubert, PA and Motter, RN and Schenk, DB and Lieberburg, IM and Kholodenko, D and Galasko, D and Thomas, R and Chang, L and Miller, B and Clark, C and others},
  journal={Neurology},
  volume={48},
  number={3},
  pages={63006--63006},
  year={1997}
}

% Exact Algorithms Publications (from algorithms.citationsMar22.bib)

@article{thomas1992sample,
  title={Sample size determination based on Fisher's exact test for use in 2 x 2 comparative trials with low event rates},
  author={Thomas, Ronald G and Conlon, Michael},
  journal={Controlled clinical trials},
  volume={13},
  number={2},
  pages={134--147},
  year={1992},
  publisher={Elsevier}
}

@article{conlon1993algorithm,
  title={Algorithm AS 280: the power function for Fisher's exact test},
  author={Conlon, Michael and Thomas, Ronald G},
  journal={Journal of the Royal Statistical Society. Series C (Applied Statistics)},
  volume={42},
  number={1},
  pages={258--260},
  year={1993},
  publisher={Wiley, Royal Statistical Society}
}

@article{conlon1990new,
  title={A new confidence interval for the difference of two binomial proportions},
  author={Conlon, Michael and Thomas, Ronald G},
  journal={Computational Statistics \& Data Analysis},
  volume={9},
  number={2},
  pages={237--241},
  year={1990},
  publisher={North-Holland}
}

@article{thomas1992algorithm,
  title={An algorithm for the rapid evaluation of the power function for Fisher's Exact Test},
  author={Thomas, Ronald G and Conlon, Michael},
  journal={Journal of statistical computation and simulation},
  volume={44},
  number={1-2},
  pages={63--73},
  year={1992},
  publisher={Gordon and Breach Science Publishers}
}

@article{mulnard2000estrogen,
  title={Estrogen replacement therapy for treatment of mild to moderate Alzheimer disease: a randomized controlled trial},
  author={Mulnard, Ruth A and Cotman, Carl W and Kawas, Claudia and van Dyck, Christopher H and Sano, Mary and Doody, Rachelle and Koss, Elizabeth and Pfeiffer, Eric and Jin, Shelia and Gamst, Anthony and others},
  journal={Jama},
  volume={283},
  number={8},
  pages={1007--1015},
  year={2000},
  publisher={American Medical Association}
}

@article{aisen2003effects,
  title={Effects of rofecoxib or naproxen vs placebo on Alzheimer disease progression: a randomized controlled trial},
  author={Aisen, Paul S and Schafer, Kimberly A and Grundman, Michael and Pfeiffer, Eric and Sano, Mary and Davis, Kenneth L and Farlow, Martin R and Jin, Shelia and Thomas, Ronald G and Thal, Leon J and others},
  journal={Jama},
  volume={289},
  number={21},
  pages={2819--2826},
  year={2003},
  publisher={American Medical Association}
}

@article{galasko1997inventory,
  title={An inventory to assess activities of daily living for clinical trials in Alzheimer's disease.},
  author={Galasko, Douglas and Bennett, David and Sano, Mary and Ernesto, Chris and Thomas, Ronald and Grundman, Michael and Ferris, Steven},
  journal={Alzheimer disease and associated disorders},
  year={1997},
  publisher={Lippincott Williams \& Wilkins}
}

@article{grundman2004mild,
  title={Mild cognitive impairment can be distinguished from Alzheimer disease and normal aging for clinical trials},
  author={Grundman, Michael and Petersen, Ronald C and Ferris, Steven H and Thomas, Ronald G and Aisen, Paul S and Bennett, David A and Foster, Norman L and Jack Jr, Clifford R and Galasko, Douglas R and Doody, Rachelle and others},
  journal={Archives of neurology},
  volume={61},
  number={1},
  pages={59--66},
  year={2004},
  publisher={American Medical Association}
}

@article{aisen2000randomized,
  title={A randomized controlled trial of prednisone in Alzheimerâ€™s disease},
  author={Aisen, Paul S and Davis, KL and Berg, JD and Schafer, K and Campbell, K and Thomas, RG and Weiner, MF and Farlow, MR and Sano, M and Grundman, M and others},
  journal={Neurology},
  volume={54},
  number={3},
  pages={588--588},
  year={2000},
  publisher={Wolters Kluwer Health, Inc. on behalf of the American Academy of Neurology}
}

@article{galasko1998high,
  title={High cerebrospinal fluid tau and low amyloid beta42 levels in the clinical diagnosis of Alzheimer disease and relation to apolipoprotein E genotype},
  author={Galasko, D and Chang, L and Motter, R and Clark, CM and Kaye, Jeffrey and Knopman, D and Thomas, R and Kholodenko, D and Schenk, D and Lieberburg, I and others},
  journal={Archives of neurology},
  volume={55},
  number={7},
  pages={937--945},
  year={1998},
  publisher={American Medical Association}
}

@article{raskind2003reduction,
  title={Reduction of nightmares and other PTSD symptoms in combat veterans by prazosin: a placebo-controlled study},
  author={Raskind, Murray A and Peskind, Elaine R and Kanter, Evan D and Petrie, Eric C and Radant, Allen and Thompson, Charles E and Dobie, Dorcas J and Hoff, David and Rein, Rebekah J and Straits-Troster, Kristy and others},
  journal={American Journal of Psychiatry},
  volume={160},
  number={2},
  pages={371--373},
  year={2003},
  publisher={American Psychiatric Publishing}
}

@article{williams1998psychosocial,
  title={The psychosocial impact of macular degeneration},
  author={Williams, Rebecca A and Brody, Barbara L and Thomas, Ronald G and Kaplan, Robert M and Brown, Stuart I},
  journal={Archives of ophthalmology},
  volume={116},
  number={4},
  pages={514--520},
  year={1998},
  publisher={American Medical Association}
}

@article{wilson1993controlled,
  title={A controlled trial of two forms of self-management education for adults with asthma},
  author={Wilson, Sandra R and Scamagas, Peter and German, Donald F and Hughes, Gary W and Lulla, Sulochina and Coss, Stamatiki and Chardon, Luis and Thomas, Ronald G and Starr-Schneidkraut, Norma and Stancavage, Frances B and others},
  journal={The American journal of medicine},
  volume={94},
  number={6},
  pages={564--576},
  year={1993},
  publisher={Elsevier}
}

@article{kang1997genetic,
  title={Genetic association of the low-density lipoprotein receptor-related protein gene (LRP), and apolipoprotein E receptor, with late-onset Alzheimer's disease},
  author={Kang, DE and Saitoh, T and Chen, X and Xia, Y and Masliah, E and Hansen, LA and Thomas, RG and Thal, LJ and Katzman, R},
  journal={Neurology},
  volume={49},
  number={1},
  pages={56--61},
  year={1997},
  publisher={Wolters Kluwer Health, Inc. on behalf of the American Academy of Neurology}
}

@article{aisen2008high,
  title={High-dose B vitamin supplementation and cognitive decline in Alzheimer disease: a randomized controlled trial},
  author={Aisen, Paul S and Schneider, Lon S and Sano, Mary and Diaz-Arrastia, Ramon and Van Dyck, Christopher H and Weiner, Myron F and Bottiglieri, Teodoro and Jin, Shelia and Stokes, Karen T and Thomas, Ronald G and others},
  journal={Jama},
  volume={300},
  number={15},
  pages={1774--1783},
  year={2008},
  publisher={American Medical Association}
}

@article{teri2000treatment,
  title={Treatment of agitation in AD: a randomized, placebo-controlled clinical trial},
  author={Teri, Linda and Logsdon, RG and Peskind, E and Raskind, M and Weiner, MF and Tractenberg, RE and Foster, NL and Schneider, LS and Sano, M and Whitehouse, P and others},
  journal={Neurology},
  volume={55},
  number={9},
  pages={1271--1278},
  year={2000},
  publisher={Wolters Kluwer Health, Inc. on behalf of the American Academy of Neurology}
}

@article{singer2003multicenter,
  title={A multicenter, placebo-controlled trial of melatonin for sleep disturbance in Alzheimer's disease},
  author={Singer, Clifford and Tractenberg, Rochelle E and Kaye, Jeffrey and Schafer, Kim and Gamst, Anthony and Grundman, Michael and Thomas, Ronald and Thal, Leon J},
  journal={Sleep},
  volume={26},
  number={7},
  pages={893--901},
  year={2003},
  publisher={Oxford University Press}
}

@article{keane1998utility,
  title={Utility of psychophysiological measurement in the diagnosis of posttraumatic stress disorder: results from a Department of Veterans Affairs Cooperative Study.},
  author={Keane, Terence M and Kolb, Lawrence C and Kaloupek, Danny G and Orr, Scott P and Blanchard, Edward B and Thomas, Ronald G and Hsieh, Frank Y and Lavori, Philip W},
  journal={Journal of consulting and clinical psychology},
  volume={66},
  number={6},
  pages={914},
  year={1998},
  publisher={American Psychological Association}
}

@article{paulsen2000incidence,
  title={Incidence of and risk factors for hallucinations and delusions in patients with probable AD},
  author={Paulsen, Jane S and Salmon, DP and Thal, Leon J and Romero, R and Weisstein--Jenkins, C and Galasko, D and Hofstetter, CR and Thomas, R and Grant, I and Jeste, DV},
  journal={Neurology},
  volume={54},
  number={10},
  pages={1965--1971},
  year={2000},
  publisher={Wolters Kluwer Health, Inc. on behalf of the American Academy of Neurology}
}

@article{froelicher1998electrocardiographic,
  title={The electrocardiographic exercise test in a population with reduced workup bias: diagnostic performance, computerized interpretation, and multivariable prediction},
  author={Froelicher, Victor F and Lehmann, Kenneth G and Thomas, Ronald and Goldman, Steven and Morrison, Douglas and Edson, Robert and Lavori, Philip and Myers, Jonathan and Dennis, Charles and Shabetai, Ralph and others},
  journal={Annals of internal medicine},
  volume={128},
  number={12\_Part\_1},
  pages={965--974},
  year={1998},
  publisher={American College of Physicians}
}

@article{bondi1999neuropsychological,
  title={Neuropsychological function and apolipoprotein E genotype in the preclinical detection of Alzheimer's disease.},
  author={Bondi, Mark W and Salmon, David P and Galasko, Douglas and Thomas, Ronald G and Thal, Leon J},
  journal={Psychology and aging},
  volume={14},
  number={2},
  pages={295},
  year={1999},
  publisher={American Psychological Association}
}

@article{morrow1993prediction,
  title={Prediction of cardiovascular death in men undergoing noninvasive evaluation for coronary artery disease},
  author={Morrow, Kiernan and Morris, Charles K and Froelicher, Victor F and Hideg, Alisa and Hunter, Dodie and Johnson, Eileen and Kawaguchi, Takeo and Lehmann, Kenneth and Ribisl, Paul M and Thomas, Ronald and others},
  journal={Annals of Internal Medicine},
  volume={118},
  number={9},
  pages={689--695},
  year={1993},
  publisher={American College of Physicians}
}

@article{pierce2002randomized,
  title={A randomized trial of the effect of a plant-based dietary pattern on additional breast cancer events and survival:: the Women's Healthy Eating and Living (WHEL) Study},
  author={Pierce, John P and Faerber, Susan and Wright, Fred A and Rock, Cheryl L and Newman, Vicky and Flatt, Shirley W and Kealey, Sheila and Jones, Vicky E and Caan, Bette J and Gold, Ellen B and others},
  journal={Controlled clinical trials},
  volume={23},
  number={6},
  pages={728--756},
  year={2002},
  publisher={Elsevier}
}

@article{meyer2008efficacy,
  title={Efficacy of site-independent telemedicine in the STRokE DOC trial: a randomised, blinded, prospective study},
  author={Meyer, Brett C and Raman, Rema and Hemmen, Thomas and Obler, Richard and Zivin, Justin A and Rao, Ramesh and Thomas, Ronald G and Lyden, Patrick D},
  journal={The Lancet Neurology},
  volume={7},
  number={9},
  pages={787--795},
  year={2008},
  publisher={Elsevier}
}

@article{salmon2002alzheimer,
  title={Alzheimerâ€™s disease can be accurately diagnosed in very mildly impaired individuals},
  author={Salmon, David P and Thomas, RG and Pay, MM and Booth, A and Hofstetter, CR and Thal, LJ and Katzman, R},
  journal={Neurology},
  volume={59},
  number={7},
  pages={1022--1028},
  year={2002},
  publisher={Wolters Kluwer Health, Inc. on behalf of the American Academy of Neurology}
}

@article{ellis1989risk,
  title={Risk factors, time course and treatment effect for restenosis after successful percutaneous transluminal coronary angioplasty of chronic total occlusion},
  author={Ellis, Stephen G and Shaw, Richard E and Gershony, Gary and Thomas, Ronald and Roubin, Gary S and Douglas Jr, John S and Topol, Eric J and Startzer, Simon H and Myler, Richard K and King III, Spencer B},
  journal={The American journal of cardiology},
  volume={63},
  number={13},
  pages={897--901},
  year={1989},
  publisher={Excerpta Medica}
}

@article{chambers1999weight,
  title={Weight gain in infants breastfed by mothers who take fluoxetine},
  author={Chambers, Christina D and Anderson, Philip O and Thomas, Ronald G and Dick, Lyn M and Felix, Robert J and Johnson, Kathleen A and Jones, Kenneth Lyons},
  journal={Pediatrics},
  volume={104},
  number={5},
  pages={e61--e61},
  year={1999},
  publisher={American Academy of Pediatrics}
}

@article{aisen2010clinical,
  title={Clinical Core of the Alzheimer's Disease Neuroimaging Initiative: progress and plans},
  author={Aisen, Paul S and Petersen, Ronald C and Donohue, Michael C and Gamst, Anthony and Raman, Rema and Thomas, Ronald G and Walter, Sarah and Trojanowski, John Q and Shaw, Leslie M and Beckett, Laurel A and others},
  journal={Alzheimer's \& Dementia},
  volume={6},
  number={3},
  pages={239--246},
  year={2010}
}

@article{grundman2002brain,
  title={Brain MRI hippocampal volume and prediction of clinical status in a mild cognitive impairment trial},
  author={Grundman, Michael and Sencakova, Drahomira and Jack, Clifford R and Petersen, Ronald C and Kim, Hyun T and Schultz, Arlan and Weiner, Myron F and DeCarli, Charles and DeKosky, Steven T and Van Dyck, Christopher and others},
  journal={Journal of Molecular Neuroscience},
  volume={19},
  number={1},
  pages={23--27},
  year={2002},
  publisher={Humana Press}
}

@article{lindblad2001metabolic,
  title={Metabolic syndrome and ischemic heart disease in elderly men and women},
  author={Lindblad, Ulf and Langer, Robert D and Wingard, Deborah L and Thomas, Ronald G and Barrett-Connor, Elizabeth L},
  journal={American journal of epidemiology},
  volume={153},
  number={5},
  pages={481--489},
  year={2001},
  publisher={Oxford University Press}
}

@article{li1995prospective,
  title={Prospective study of hospitalization for asthma: a preliminary risk factor model},
  author={Li, Dominic and German, Donald and Lulla, Sulochina and Thomas, Ronald G and Wilson, Sandra R},
  journal={American journal of respiratory and critical care medicine},
  volume={151},
  number={3\_pt\_1},
  pages={647--655},
  year={1995},
  publisher={American Lung Association}
}

@article{thal2003idebenone,
  title={Idebenone treatment fails to slow cognitive decline in Alzheimerâ€™s disease},
  author={Thal, LJ and Grundman, M and Berg, J and Ernstrom, K and Margolin, R and Pfeiffer, E and Weiner, MF and Zamrini, E and Thomas, RG},
  journal={Neurology},
  volume={61},
  number={11},
  pages={1498--1502},
  year={2003},
  publisher={Wolters Kluwer Health, Inc. on behalf of the American Academy of Neurology}
}

@article{koss1997assessing,
  title={Assessing patterns of agitation in Alzheimer's disease patients with the Cohen-Mansfield Agitation Inventory. The Alzheimer's Disease Cooperative Study.},
  author={Koss, Elisabeth and Weiner, Myron and Ernesto, Christopher and Cohen-Mansfield, Jiska and Ferris, Steven H and Grundman, Michael and Schafer, Kimberly and Sano, Mary and Thal, Leon J and Thomas, Ronald and others},
  journal={Alzheimer Disease and Associated Disorders},
  volume={11},
  pages={S45--50},
  year={1997}
}

@article{brody1999age,
  title={Age-related macular degeneration: a randomized clinical trial of a self-management intervention},
  author={Brody, Barbara L and Williams, Rebecca A and Thomas, Ronald G and Kaplan, Robert M and Chu, Ray M and Brown, Stuart I},
  journal={Annals of Behavioral Medicine},
  volume={21},
  number={4},
  pages={322--329},
  year={1999},
  publisher={Springer-Verlag}
}

@article{katzman1997effects,
  title={Effects of apolipoprotein E on dementia and aging in the Shanghai Survey of Dementia},
  author={Katzman, R and Zhang, M-Y and Chen, PJ and Gu, N and Jiang, S and Saitoh, T and Chen, X and Klauber, M and Thomas, RG and Liu, WT and others},
  journal={Neurology},
  volume={49},
  number={3},
  pages={779--785},
  year={1997},
  publisher={Wolters Kluwer Health, Inc. on behalf of the American Academy of Neurology}
}

@article{sano2011randomized,
  title={A randomized, double-blind, placebo-controlled trial of simvastatin to treat Alzheimer disease},
  author={Sano, M and Bell, KL and Galasko, D and Galvin, JE and Thomas, RG and Van Dyck, CH and Aisen, PS},
  journal={Neurology},
  volume={77},
  number={6},
  pages={556--563},
  year={2011},
  publisher={Wolters Kluwer Health, Inc. on behalf of the American Academy of Neurology}
}

@article{aisen2011report,
  title={Report of the task force on designing clinical trials in early (predementia) AD},
  author={Aisen, PS and Andrieu, S and Sampaio, C and Carrillo, M and Khachaturian, ZS and Dubois, Bruno and Feldman, HH and Petersen, RC and Siemers, E and Doody, RS and others},
  journal={Neurology},
  volume={76},
  number={3},
  pages={280--286},
  year={2011},
  publisher={Wolters Kluwer Health, Inc. on behalf of the American Academy of Neurology}
}

@article{galasko2005detailed,
  title={Detailed assessment of activities of daily living in moderate to severe Alzheimer's disease},
  author={Galasko, D and Schmitt, F and Thomas, R and Jin, S and Bennett, D and Ferris, S},
  journal={Journal of the International Neuropsychological Society: JINS},
  volume={11},
  number={4},
  pages={446},
  year={2005},
  publisher={Cambridge University Press}
}

@article{brody2005self,
  title={Self-management of age-related macular degeneration at the 6-month follow-up: a randomized controlled trial},
  author={Brody, Barbara L and Roch-Levecq, Anne-Catherine and Thomas, Ronald G and Kaplan, Robert M and Brown, Stuart I},
  journal={Archives of Ophthalmology},
  volume={123},
  number={1},
  pages={46--53},
  year={2005},
  publisher={American Medical Association}
}

@article{tariot2005divalproex,
  title={Divalproex sodium in nursing home residents with possible or probable Alzheimer disease complicated by agitation: a randomized, controlled trial},
  author={Tariot, Pierre N and Raman, Rema and Jakimovich, Laura and Schneider, Lon and Porsteinsson, Anton and Thomas, Ronald and Mintzer, Jacobo and Brenner, Ronald and Schafer, Kim and Thal, Leon},
  journal={The American journal of geriatric psychiatry},
  volume={13},
  number={11},
  pages={942--949},
  year={2005},
  publisher={Elsevier}
}

@article{knopman1999nursing,
  title={Nursing home placement is related to dementia progression: experience from a clinical trial},
  author={Knopman, David S and Berg, JD and Thomas, R and Grundman, M and Thal, LJ and Sano, M and others},
  journal={Neurology},
  volume={52},
  number={4},
  pages={714--714},
  year={1999},
  publisher={Wolters Kluwer Health, Inc. on behalf of the American Academy of Neurology}
}

@article{li1997defective,
  title={Defective neurite extension is caused by a mutation in amyloid beta  protein precursor found in familial Alzheimer's disease},
  author={Li, Hai Ling and Roch, Jean-Marc and Sundsmo, Mary and Otero, Deborah and Sisodia, Sangram and Thomas, Ronald and Saitoh, Tsunao},
  journal={Journal of neurobiology},
  volume={32},
  number={5},
  pages={469--480},
  year={1997},
  publisher={John Wiley \& Sons, Inc. New York}
}

@article{lange2002decline,
  title={Decline in verbal memory during preclinical Alzheimer's disease: examination of the effect of APOE genotype},
  author={Lange, Kelly L and Bondi, Mark W and Salmon, David P and Galasko, Douglas and Delis, Dean C and Thomas, Ronald G and Thal, Leon J},
  journal={Journal of the International Neuropsychological Society: JINS},
  volume={8},
  number={7},
  pages={943},
  year={2002},
  publisher={NIH Public Access}
}

@inproceedings{grundman1996rate,
  title={Rate of dementia of the Alzheimer type (DAT) in subjects with mild cognitive impairment},
  author={Grundman, Michael and Petersen, Ronald C and Morris, JC and Ferris, S and Sano, Mary and Farlow, Martin R and Doody, Rachel S and Galasko, D and Ernesto, C and Thomas, RG and others},
  booktitle={Neurology},
  volume={46},
  number={2},
  pages={50003--50003},
  year={1996},
  organization={LITTLE BROWN CO 34 BEACON STREET, BOSTON, MA 02108-1493}
}

@article{galasko2012antioxidants,
  title={Antioxidants for Alzheimer disease: a randomized clinical trial with cerebrospinal fluid biomarker measures},
  author={Galasko, Douglas R and Peskind, Elaine and Clark, Christopher M and Quinn, Joseph F and Ringman, John M and Jicha, Gregory A and Cotman, Carl and Cottrell, Barbara and Montine, Thomas J and Thomas, Ronald G and others},
  journal={Archives of neurology},
  volume={69},
  number={7},
  pages={836--841},
  year={2012},
  publisher={American Medical Association}
}

@article{lineweaver1999normative,
  title={A normative study of Nelson's (1976) modified version of the Wisconsin Card Sorting Test in healthy older adults},
  author={Lineweaver, Tara T and Bondi, Mark W and Thomas, Ronald G and Salmon, David P},
  journal={The Clinical Neuropsychologist},
  volume={13},
  number={3},
  pages={328--347},
  year={1999},
  publisher={Taylor \& Francis Group}
}

@article{katzman1996apolipoprotein,
  title={Apolipoprotein-epsilon4 and head trauma: Synergistic or additive risks?},
  author={Katzman, R and Galasko, DR and Saitoh, T and Chen, X and Pay, MM and Booth, A and Thomas, RG},
  journal={Neurology},
  volume={46},
  number={3},
  pages={889--891},
  year={1996}
}

%

@article{sano1997members,
%   title={for the members of the Alzheimerâ€™s Disease Cooperative Study},
%   author={Sano, M and Ernesto, C and Thomas, RG and Klauber, MR and Schafer, K and Grundman, M and Woodbury, P and Growden, J and Cotnman, C and Pfeiffer, E and others},
%   journal={A controlled trial of selegiline, alpha-tocopherol, or both as treatment for Alzheimerâ€™s disease. N Engl J Med},
%   volume={336},
%   pages={1216--1222},
%   year={1997}
% }

@article{krajewska2005analysis,
  title={Analysis of apoptosis protein expression in early-stage colorectal cancer suggests opportunities for new prognostic biomarkers},
  author={Krajewska, Maryla and Kim, Hoguen and Kim, Chul and Kang, Haeyoun and Welsh, Kate and Matsuzawa, Shu-ichi and Tsukamoto, Michelle and Thomas, Ronald G and Assa-Munt, Nuria and Piao, Zhe and others},
  journal={Clinical Cancer Research},
  volume={11},
  number={15},
  pages={5451--5461},
  year={2005},
  publisher={American Association for Cancer Research}
}

@article{bayley2000comparison,
  title={Comparison of the serial position effect in very mild Alzheimer's disease, mild Alzheimer's disease, and amnesia associated with electroconvulsive therapy},
  author={Bayley, Peter J and Salmon, David P and Bondi, Mark W and Bui, Barbara K and Olichney, John and Delis, Dean C and Thomas, Ronald G and Thal, Leon J},
  journal={Journal of the International Neuropsychological Society},
  volume={6},
  number={3},
  pages={290--298},
  year={2000},
  publisher={Cambridge University Press}
}

@article{thal2003estrogen,
  title={Estrogen levels do not correlate with improvement in cognition},
  author={Thal, Leon J and Thomas, Ronald G and Mulnard, Ruth and Sano, Mary and Grundman, Michael and Schneider, Lon},
  journal={Archives of Neurology},
  volume={60},
  number={2},
  pages={209--212},
  year={2003},
  publisher={American Medical Association}
}

@article{rafii2011phase,
  title={A phase II trial of huperzine A in mild to moderate Alzheimer disease},
  author={Rafii, MS and Walsh, S and Little, JT and Behan, K and Reynolds, B and Ward, C and Jin, S and Thomas, R and Aisen, PS and others},
  journal={Neurology},
  volume={76},
  number={16},
  pages={1389--1394},
  year={2011},
  publisher={Wolters Kluwer Health, Inc. on behalf of the American Academy of Neurology}
}

@article{patterson1997longitudinal,
  title={A longitudinal study of behavioral pathology across five levels of dementia severity in Alzheimer's disease: The CERAD Behavior Rating Scale for Dementia.},
  author={Patterson, Marian B and Mack, James L and Mackell, Joan A and Thomas, Ronald and Tariot, Pierre and Weiner, Myron and Whitehouse, Peter J},
  journal={Alzheimer disease and associated disorders},
  year={1997},
  publisher={Lippincott Williams \& Wilkins}
}

@article{hamilton2004comparison,
  title={A comparison of episodic memory deficits in neuropathologically-confirmed Dementia with Lewy bodies and Alzheimer's disease},
  author={Hamilton, Joanne M and Salmon, David P and Galasko, Douglas and Delis, Dean C and Hansen, Lawrence A and Masliah, Eliezer and Thomas, Ronald G and Thal, Leon J},
  journal={Journal of the International Neuropsychological Society: JINS},
  volume={10},
  number={5},
  pages={689},
  year={2004},
  publisher={Cambridge University Press}
}

@article{irving1994drug,
  title={Drug and alcohol abuse inpatients' attitudes about smoking cessation},
  author={Irving, Lori M and Seidner, Andrea L and Burling, Thomas A and Thomas, Ronald G and Brenner, Gail F},
  journal={Journal of Substance Abuse},
  volume={6},
  number={3},
  pages={267--278},
  year={1994},
  publisher={JAI}
}

@article{grundman2003hippocampal,
  title={Hippocampal volume is associated with memory but not nonmemory cognitive performance in patients with mild cognitive impairment},
  author={Grundman, Michael and Jack, Clifford R and Petersen, Ronald C and Kim, Hyun T and Taylor, Curtis and Datvian, Marina and Weiner, Myron F and DeCarli, Charles and DeKosky, Steven T and Van Dyck, Christopher and others},
  journal={Journal of Molecular Neuroscience},
  volume={20},
  number={3},
  pages={241--248},
  year={2003},
  publisher={Humana Press}
}

@article{logsdon1999assessment,
  title={Assessment of agitation in Alzheimer's disease: the agitated behavior in dementia scale},
  author={Logsdon, Rebecca G and Teri, Linda and Weiner, Myron F and Gibbons, Laura E and Raskind, Murray and Peskind, Elaine and Grundman, > Michael and Koss, Elisabeth and Thomas, Ronald G and Thai, Leon J and others},
  journal={Journal of the American Geriatrics Society},
  volume={47},
  number={11},
  pages={1354--1358},
  year={1999},
  publisher={Blackwell Publishing Ltd Oxford, UK}
}

@article{sano1996rationale,
  title={Rationale and design of a multicenter study of selegiline and alpha-tocopherol in the treatment of Alzheimer disease using novel clinical outcomes. Alzheimer's Disease Cooperative Study.},
  author={Sano, Mary and Ernesto, Christopher and Klauber, Melville R and Schafer, Kimberly and Woodbury, Peter and Thomas, Ronald and Grundman, Michael and Growdon, John and Thal, Leon J},
  journal={Alzheimer disease and associated disorders},
  volume={10},
  number={3},
  pages={132--140},
  year={1996}
}

@article{irizarry2009plasma,
  title={Plasma urate and progression of mild cognitive impairment},
  author={Irizarry, Michael C and Raman, Rema and Schwarzschild, Michael A and Becerra, Lida M and Thomas, Ronald G and Peterson, Ronald C and Ascherio, Alberto and Aisen, Paul S},
  journal={Neurodegenerative Diseases},
  volume={6},
  number={1-2},
  pages={23--28},
  year={2009},
  publisher={Karger Publishers}
}

@article{peskind2005propranolol,
  title={Propranolol for disruptive behaviors in nursing home residents with probable or possible Alzheimer disease: a placebo-controlled study},
  author={Peskind, Elaine R and Tsuang, Debby W and Bonner, Lauren T and Pascualy, Marcella and Riekse, Robert G and Snowden, Mark B and Thomas, Ronald and Raskind, Murray A},
  journal={Alzheimer Disease \& Associated Disorders},
  volume={19},
  number={1},
  pages={23--28},
  year={2005},
  publisher={LWW}
}

@article{hohl1999mini,
  title={Mini-mental state examination and Mattis Dementia Rating Scale performance differs in Hispanic and non-Hispanic Alzheimer's disease patients},
  author={Hohl, Ursula and Grundman, Michael and Salmon, David P and Thomas, Ronald G and Thal, Leon J},
  journal={Journal of the International Neuropsychological Society},
  volume={5},
  number={4},
  pages={301--307},
  year={1999},
  publisher={Cambridge University Press}
}

@article{tariot2011chronic,
  title={Chronic divalproex sodium to attenuate agitation and clinical progression of Alzheimer disease},
  author={Tariot, Pierre N and Schneider, Lon S and Cummings, Jeffrey and Thomas, Ronald G and Raman, Rema and Jakimovich, Laura J and Loy, Rebekah and Bartocci, Barbara and Fleisher, Adam and Ismail, M Saleem and others},
  journal={Archives of General Psychiatry},
  volume={68},
  number={8},
  pages={853--861},
  year={2011},
  publisher={American Medical Association}
}

@article{ferry1998design,
  title={Design and baseline characteristics of the veterans affairs non-Q-wave infarction strategies in-hospital (VANQWISH) trial},
  author={Ferry, David R and Oâ€™Rourke, Robert A and Blaustein, Alvin S and Crawford, Michael H and Deedwania, Prakash C and Carson, Peter E and Zoble, Robert G and Pepine, Carl J and Thomas, Ronald G and Chow, Bruce K and others},
  journal={Journal of the American College of Cardiology},
  volume={31},
  number={2},
  pages={312--320},
  year={1998},
  publisher={Elsevier}
}

@article{grundman2003multicenter,
  title={A multicenter, randomized, placebo controlled, multiple-dose, safety and pharmacokinetic study of AIT-082 (Neotrofinâ„¢) in mild Alzheimer's disease patients},
  author={Grundman, M and Capparelli, E and Kim, HT and Morris, JC and Farlow, M and Rubin, EH and Heidebrink, J and Hake, A and Ho, G and Schultz, AN and others},
  journal={Life sciences},
  volume={73},
  number={5},
  pages={539--553},
  year={2003},
  publisher={Pergamon}
}

@article{sabbagh1999neurochemical,
  title={Neurochemical markers do not correlate with cognitive decline in the Lewy body variant of Alzheimer disease},
  author={Sabbagh, Marwan N and Corey-Bloom, Jody and Tiraboschi, Pietro and Thomas, Ronald and Masliah, Eliezer and Thal, Leon J},
  journal={Archives of neurology},
  volume={56},
  number={12},
  pages={1458--1461},
  year={1999},
  publisher={American Medical Association}
}

@article{may2007potential,
  title={Potential outcome measures and trial design issues for multiple system atrophy},
  author={May, Susanne and Gilman, Sid and Sowell, B Brooke and Thomas, Ronald G and Stern, Matthew B and Colcher, Amy and Tanner, Caroline M and Huang, Neng and Novak, Peter and Reich, Stephen G and others},
  journal={Movement disorders},
  volume={22},
  number={16},
  pages={2371--2377},
  year={2007},
  publisher={Wiley Subscription Services, Inc., A Wiley Company Hoboken}
}

@article{tanaka1998association,
  title={Association of CYP2D microsatellite polymorphism with Lewy body variant of Alzheimer's disease},
  author={Tanaka, S and Chen, X and Xia, Y and Kang, DE and Matoh, N and Sundsmo, M and Thomas, RG and Katzman, R and Thal, LJ and Trojanowski, JQ and others},
  journal={Neurology},
  volume={50},
  number={6},
  pages={1556--1562},
  year={1998},
  publisher={Wolters Kluwer Health, Inc. on behalf of the American Academy of Neurology}
}

@article{weiner2000quantifying,
  title={Quantifying behavioral disturbance in Alzheimer's disease patients},
  author={Weiner, Myron F and Tractenberg, Rochelle and Teri, Linda and Logsdon, Rebecca and Thomas, Ronald G and Gamst, Anthony and Thal, Leon J},
  journal={Journal of Psychiatric Research},
  volume={34},
  number={2},
  pages={163--167},
  year={2000},
  publisher={Pergamon}
}

@article{khachaturian2008roadmap,
  title={A roadmap for the prevention of dementia: the inaugural Leon Thal Symposium},
  author={Khachaturian, Zaven S and Petersen, Ronald C and Gauthier, Serge and Buckholtz, Neil and Corey-Bloom, Jodey P and Evans, Bill and Fillit, Howard and Foster, Norman and Greenberg, Barry and Grundman, Michael and others},
  journal={Alzheimer's \& dementia: the journal of the Alzheimer's Association},
  volume={4},
  number={3},
  pages={156},
  year={2008},
  publisher={NIH Public Access}
}

@article{fleisher2011chronic,
  title={Chronic divalproex sodium use and brain atrophy in Alzheimer disease},
  author={Fleisher, AS and Truran, D and Mai, JT and Langbaum, JBS and Aisen, PS and Cummings, JL and Jack, CR and Weiner, MW and Thomas, RG and Schneider, LS and others},
  journal={Neurology},
  volume={77},
  number={13},
  pages={1263--1271},
  year={2011},
  publisher={Wolters Kluwer Health, Inc. on behalf of the American Academy of Neurology}
}

@article{schafer2004reliability,
  title={Reliability of monitoring the clinical dementia rating in multicenter clinical trials},
  author={Schafer, Kimberly A and Tractenberg, Rochelle E and Sano, Mary and Mackell, Joan A and Thomas, Ronald G and Gamst, Anthony and Thal, Leon J and Morris, John C and others},
  journal={Alzheimer disease and associated disorders},
  volume={18},
  number={4},
  pages={219},
  year={2004},
  publisher={NIH Public Access}
}

@article{seidner1996substance,
  title={Substance-dependent inpatients who accept smoking treatment},
  author={Seidner, Andrea L and Burling, Thomas A and Gaither, David E and Thomas, Ronald G},
  journal={Journal of Substance Abuse},
  volume={8},
  number={1},
  pages={33--44},
  year={1996},
  publisher={JAI}
}

@article{tractenberg2000prevalence,
  title={Prevalence of symptoms on the CERAD behavior rating scale for dementia in normal elderly subjects and Alzheimerâ€™s disease patients},
  author={Tractenberg, Rochelle E and Patterson, Marian and Weiner, Myron F and Teri, Linda and Grundman, Michael and Thomas, Ronald G and Thal, Leon J},
  journal={The Journal of neuropsychiatry and clinical neurosciences},
  volume={12},
  number={4},
  pages={472--479},
  year={2000},
  publisher={American Psychiatric Publishing}
}

@article{sano1997spanish,
  title={The Spanish Instrument Protocol: Design and implementation of a study to evaluate treatment efficacy instruments for Spanish-speaking patients with Alzheimer's disease.},
  author={Sano, M and Mackell, JA and Ponton, M and Ferreira, P and Wilson, J and Pawluczyk, S and Pfeiffer, E and Thomas, RG and Jin, S and Schafer, K and others},
  journal={Alzheimer disease and associated disorders},
  year={1997},
  publisher={Lippincott Williams \& Wilkins}
}

@article{roch2008ametropia,
  title={Ametropia, preschoolers' cognitive abilities, and effects of spectacle correction},
  author={Roch-Levecq, Anne-Catherine and Brody, Barbara L and Thomas, Ronald G and Brown, Stuart I},
  journal={Archives of ophthalmology},
  volume={126},
  number={2},
  pages={252--258},
  year={2008},
  publisher={American Medical Association}
}

@article{weiner2002assessing,
  title={Assessing Alzheimer's disease patients with the Cohen-Mansfield Agitation Inventory: scoring and clinical implications},
  author={Weiner, Myron F and Tractenberg, Rochelle E and Jin, Shelia and Gamst, Anthony and Thomas, Ronald G and Koss, Elisabeth and Thal, Leon J},
  journal={Journal of psychiatric research},
  volume={36},
  number={1},
  pages={19--25},
  year={2002},
  publisher={Pergamon}
}

@article{katzman1998interaction,
  title={Interaction of apolipoprotein E 4 with other genetic and non-genetic risk factors in late onset Alzheimer disease: problems facing the investigator},
  author={Katzman, R and Kang, D and Thomas, R},
  journal={Neurochemical research},
  volume={23},
  number={3},
  pages={369--376},
  year={1998},
  publisher={Kluwer Academic Publishers-Plenum Publishers}
}

@article{irizarry2012incidence,
  title={Incidence of new-onset seizures in mild to moderate Alzheimer disease},
  author={Irizarry, Michael C and Jin, Shelia and He, Feng and Emond, Jennifer A and Raman, Rema and Thomas, Ronald G and Sano, Mary and Quinn, Joseph F and Tariot, Pierre N and Galasko, Douglas R and others},
  journal={Archives of neurology},
  volume={69},
  number={3},
  pages={368--372},
  year={2012},
  publisher={American Medical Association}
}

@article{ward1993trimethoprim,
  title={Trimethoprim-sulfamethoxazole prophylaxis in granulocytopenic patients with acute leukemia: evaluation of serum antibiotic levels in a randomized, double-blind, placebo-controlled Department of Veterans Affairs Cooperative Study},
  author={Ward, TT and Thomas, RG and Fye, CL and Arbeit, R and Coltman Jr, CA and Craig, W and Dana, BW and Finegold, SM and Lentino, J and Penn, RL and others},
  journal={Clinical infectious diseases},
  volume={17},
  number={3},
  pages={323--332},
  year={1993},
  publisher={The University of Chicago Press}
}

@inproceedings{aisen2002results,
  title={Results of a multicenter trial of rofecoxib and naproxen in Alzheimer's disease},
  author={Aisen, P and Schafer, K and Grundman, M and Farlow, M and Sano, M and Jin, S and Thomas, R and Thal, L},
  booktitle={Neurobiology of Aging},
  volume={23},
  number={1},
  pages={S429--S429},
  year={2002},
  organization={ELSEVIER SCIENCE INC 360 PARK AVE SOUTH, NEW YORK, NY 10010-1710 USA}
}

@article{grundman2002phase,
  title={A phase I study of AIT-082 in healthy elderly volunteers},
  author={Grundman, Michael and Farlow, Martin and Peavy, Guerry and Kim, Hyun T and Capparelli, Edmund and Schultz, Arlan N and Salmon, David P and Ferris, Steven H and Mohs, Richard and Thomas, Ronald G and others},
  journal={Journal of Molecular Neuroscience},
  volume={18},
  number={3},
  pages={283--293},
  year={2002},
  publisher={Humana Press}
}

@article{chen1996apoe,
  title={ApoE and CYP2D6 polymorphism with and without parkinsonism-dementia complex in the people of Chamorro, Guam},
  author={Chen, X and Xia, Y and Gresham, LS and Molgaard, CA and Thomas, RG and Galasko, D and Wiederholt, WC and Saitoh, T},
  journal={Neurology},
  volume={47},
  number={3},
  pages={779--784},
  year={1996},
  publisher={Wolters Kluwer Health, Inc. on behalf of the American Academy of Neurology}
}

@article{quinn2009o1,
  title={O1-04-02: A clinical trial of docosahexanoic acid (DHA) for the treatment of Alzheimer's disease},
  author={Quinn, Joseph F and Raman, Rema and Thomas, Ronald G and Ernstrom, Karin and Yurko-Mauro, Karin and Nelson, Edward B and Shinto, Lynne and Nair, Anil K and Aisen, Paul},
  journal={Alzheimer's \& Dementia},
  volume={5},
  number={4S\_Part\_3},
  pages={P84--P84},
  year={2009}
}

@article{sano2006adcs,
  title={ADCS Prevention Instrument Project: pharmacoeconomics: assessing health-related resource use among healthy elderly},
  author={Sano, Mary and Zhu, Carolyn W and Whitehouse, Peter J and Edland, Steven and Jin, Shelia and Ernstrom, Karin and Thomas, Ronald G and Thal, Leon J and Ferris, Steven H},
  journal={Alzheimer disease and associated disorders},
  volume={20},
  number={4 Suppl 3},
  pages={S191},
  year={2006},
  publisher={NIH Public Access}
}

@article{aisen2003nsaids,
  title={NSAIDs and hypertension},
  author={Aisen, Paul S and Schafer, Kimberly and Grundman, Michael and Thomas, Ronald and Thal, Leon J},
  journal={Archives of internal medicine},
  volume={163},
  number={9},
  pages={1115--1115},
  year={2003},
  publisher={American Medical Association}
}

@article{tariot2009o1,
  title={O1-04-03: The ADCS valproate neuroprotection trial: Primary efficacy and safety results},
  author={Tariot, Pierre N and Aisen, Paul and Cummings, Jeffrey and Jakimovich, Laura and Schneider, Lon and Thomas, Ronald and Becerra, Lida and Loy, Rebekah},
  journal={Alzheimer's \& Dementia},
  volume={5},
  number={4S\_Part\_3},
  pages={P84--P85},
  year={2009}
}

@article{aisen2003steroid,
  title={Steroid-induced elevation of glucose in Alzheimerâ€™s disease: relationship to gender, apolipoprotein E genotype and cognition},
  author={Aisen, PS and Berg, JD and Craft, S and Peskind, ER and Sano, M and Teri, L and Mulnard, RA and Thomas, RG and Thal, LJ},
  journal={Psychoneuroendocrinology},
  volume={28},
  number={1},
  pages={113--120},
  year={2003},
  publisher={Pergamon}
}

@article{vellas2012alzheimer,
  title={Alzheimerâ€™s disease therapeutic trials: EU/US Task Force report on recruitment, retention, and methodology},
  author={Vellas, B and Hampel, H and Roug{\'e}-Bugat, ME and Grundman, M and Andrieu, S and Abu-Shakra, S and Bateman, R and Berman, R and Black, R and Carrillo, M and others},
  journal={The journal of nutrition, health \& aging},
  volume={16},
  number={4},
  pages={339--345},
  year={2012},
  publisher={Springer-Verlag}
}

@article{hale1989effect,
  title={Effect of zinc supplementation on the development of cardiovascular disease in the elderly},
  author={Hale, William E and May, Franklin E and Thomas, Ronald G and Moore, Mary T and Stewart, Ronald B},
  journal={Journal of Nutrition for the Elderly},
  volume={8},
  number={2},
  pages={49--58},
  year={1989},
  publisher={Taylor \& Francis}
}

@article{sano2011adding,
  title={Adding delayed recall to the Alzheimer Disease Assessment Scale is useful in studies of mild cognitive impairment but not Alzheimer disease},
  author={Sano, Mary and Raman, Rema and Emond, Jennifer and Thomas, Ronald G and Petersen, Ronald and Schneider, Lon S and Aisen, Paul S},
  journal={Alzheimer disease and associated disorders},
  volume={25},
  number={2},
  pages={122},
  year={2011},
  publisher={NIH Public Access}
}

@article{tractenberg2001frequency,
  title={Frequency of behavioral symptoms characterizes agitation in Alzheimer's disease},
  author={Tractenberg, Rochelle E and Gamst, Anthony and Weiner, Myron F and Koss, Elisabeth and Thomas, Ronald G and Teri, Linda and Thal, Leon},
  journal={International journal of geriatric psychiatry},
  volume={16},
  number={9},
  pages={886--891},
  year={2001},
  publisher={John Wiley \& Sons, Ltd. Chichester, UK}
}

@article{mockus2011dietary,
  title={Dietary self-monitoring and its impact on weight loss in overweight children},
  author={Mockus, Danyte S and Macera, Caroline A and Wingard, Deborah L and Peddecord, Michael and Thomas, Ronald G and Wilfley, Denise E},
  journal={International Journal of Pediatric Obesity},
  volume={6},
  number={3-4},
  pages={197--205},
  year={2011},
  publisher={Taylor \& Francis}
}

@article{tractenberg2000qualifying,
  title={Qualifying change: a method for defining clinically meaningful outcomes of change score computation},
  author={Tractenberg, Rochelle E and Jin, Shelia and Patterson, Marian and Schneider, Lon S and Gamst, Anthony and Thomas, Ronald G and Thal, Leon J},
  journal={Journal of the American Geriatrics Society},
  volume={48},
  number={11},
  pages={1478--1482},
  year={2000},
  publisher={Blackwell Publishing Ltd Oxford, UK}
}

@article{hobart2013putting,
  title={Putting the Alzheimer's cognitive test to the test II: Rasch Measurement Theory},
  author={Hobart, Jeremy and Cano, Stefan and Posner, Holly and Selnes, Ola and Stern, Yaakov and Thomas, Ronald and Zajicek, John and Alzheimer's Disease Neuroimaging Initiative},
  journal={Alzheimer's \& dementia},
  volume={9},
  number={1S},
  pages={S10--S20},
  year={2013},
  publisher={The Alzheimer's Association}
}

@article{donohue2011relative,
  title={The relative efficiency of time-to-threshold and rate of change in longitudinal data},
  author={Donohue, Michael C and Gamst, AC and Thomas, RG and Xu, R and Beckett, L and Petersen, Ronald Carl and Weiner, MW and Aisen, P and Alzheimer's Disease Neuroimaging Initiative and others},
  journal={Contemporary clinical trials},
  volume={32},
  number={5},
  pages={685--693},
  year={2011},
  publisher={Elsevier}
}

@article{mills2013preclinical,
  title={Preclinical trials in autosomal dominant AD: implementation of the DIAN-TU trial},
  author={Mills, Sarah M and Mallmann, J and Santacruz, Anna M and Fuqua, A and Carril, M and Aisen, Paul S and Althage, MC and Belyew, S and Benzinger, Tammie L and Brooks, William S and others},
  journal={Revue neurologique},
  volume={169},
  number={10},
  pages={737--743},
  year={2013},
  publisher={Elsevier Masson}
}

@article{tractenberg2002investigating,
  title={Investigating emergent symptomatology as an outcome measure in a behavioral study of Alzheimer's disease},
  author={Tractenberg, Rochelle E and Gamst, Anthony and Thomas, Ronald G and Patterson, Marian and Schneider, Lon S and Thal, Leon J},
  journal={The Journal of neuropsychiatry and clinical neurosciences},
  volume={14},
  number={3},
  pages={303--310},
  year={2002},
  publisher={American Psychiatric Publishing}
}

@article{aisen2007s3,
  title={S3--02--01: ADCS homocysteine trial},
  author={Aisen, Paul S and Jin, Shelia and Thomas, Ronald G and Sano, Mary and Diaz-Arrastia, Ramon and Thal, Leon and Alzheimer's Disease Cooperative Study NIA},
  journal={Alzheimer's \& Dementia},
  volume={3},
  number={3S\_Part\_3},
  pages={S199--S199},
  year={2007}
}

@article{grundman2000use,
  title={Use of brain MRI volumetric analysis in a mild cognitive impairment trial to delay the diagnosis of Alzheimerâ€™s disease},
  author={Grundman, Michael and Sencakova, Drahomira and Jack, CR and Fillit, H and Oâ€™Connell, A},
  journal={Drug discovery and development for Alzheimerâ€™s disease},
  pages={24--32},
  year={2000}
}

@article{doody2007s3,
  title={S3--02--03: Results of a one-year randomized, placebo-controlled trial of dimebon for the treatment of mild to moderate Alzheimer's disease},
  author={Doody, Rachelle S and Gavrilova, Svetlana and Sano, Mary and Thomas, Ronald and Aisen, Paul and Bachurin, Sergey and Seely, Lynn and Hung, David},
  journal={Alzheimer's \& Dementia},
  volume={3},
  number={3S\_Part\_3},
  pages={S199--S200},
  year={2007}
}

@inproceedings{singer2002adcs,
  title={The ADCS clinical trial of melatonin for the sleep disturbance of alzheimer's disease: Case report of an unusual sleep/wake cycle and response to melatonin.},
  author={Singer, C and Colling, E and Tractenberg, R and Grundman, M and Gamst, A and Thomas, R and Thal, L},
  booktitle={AMERICAN JOURNAL OF GERIATRIC PSYCHIATRY},
  volume={10},
  number={2},
  pages={92--92},
  year={2002},
  organization={AMER PSYCHIATRIC PRESS, INC 1400 K ST, NW, STE 1101, WASHINGTON, DC 20005 USA}
}

@article{raman2009mri,
  title={MRI substudy participation in Alzheimer disease (AD) clinical trials: baseline comparability of a substudy sample to entire study population},
  author={Raman, Rema and Thomas, Ronald G and Weiner, Michael W and Jack, Clifford R and Ernstrom, Karin and Aisen, Paul S and Tariot, Pierre N and Quinn, Joseph F},
  journal={Alzheimer disease and associated disorders},
  volume={23},
  number={4},
  pages={333},
  year={2009},
  publisher={NIH Public Access}
}

@article{salmon2013age,
  title={Age and apolipoprotein E genotype influence rate of cognitive decline in nondemented elderly.},
  author={Salmon, David P and Ferris, Steven H and Thomas, Ronald G and Sano, Mary and Cummings, Jeffery L and Sperling, Reisa A and Petersen, Ronald C and Aisen, Paul S},
  journal={Neuropsychology},
  volume={27},
  number={4},
  pages={391},
  year={2013},
  publisher={American Psychological Association}
}

@inproceedings{petersen2004donepezil,
  title={Donepezil and vitamin E for mild cognitive impairment},
  author={Petersen, RC and Thomas, R and Thal, L},
  booktitle={9th International Congress on Alzheimerâ€™s Disease. Philadelphia},
  year={2004},
  organization={Springer}
}

@article{hobart2009p1,
  title={P1-270: The ADAS-cog's performance as a measure-lessons from the ADNI study: Part 3-do the scale modifications add value?},
  author={Hobart, Jeremy and Posner, Holly and Aisen, Paul and Selnes, Ola and Stern, Yaakov and Thomas, Ronald and Weiner, Michael and Zajicek, John and Zeger, Scott and Cano, Stefan},
  journal={Alzheimer's \& Dementia},
  volume={5},
  number={4S\_Part\_9},
  pages={P256--P256},
  year={2009}
}

@article{bell1999ethnic,
  title={Ethnic differences in clinical measures among participants in Alzheimer's disease clinical trials},
  author={Bell, Karen and Sano, Mary and Jin, Shelia and Thomas, Ronald and Thal, Leon},
  journal={Neurology},
  volume={52},
  number={6},
  year={1999}
}

@inproceedings{sano1996evaluation,
  title={Evaluation of efficacy measures in clinical trials for Alzheimer's disease: Does psychometric test performance predict clinically relevant outcomes?},
  author={Sano, M and Growdon, J and Thomas, R and Ernesto, C and Schafer, K and Woodbury, P and Grundman, M and Thal, L},
  booktitle={Neurology},
  volume={46},
  number={2},
  pages={14004--14004},
  year={1996},
  organization={LITTLE BROWN CO 34 BEACON STREET, BOSTON, MA 02108-1493}
}

@inproceedings{sano1997effects,
  title={Effects of Selegiline and alpha-Tocopherol on cognitive and functional outcome measures in moderately impaired patients with Alzheimer's disease},
  author={Sano, M and Ernesto, C and Thomas, RG and Klauber, MR and Schafer, K and Grundman, M and Woodbury, P and Growdon, J and Cotman, CW and Pfeiffer, E and others},
  booktitle={Neurology},
  volume={48},
  number={3},
  pages={63002--63002},
  year={1997},
  organization={LIPPINCOTT-RAVEN PUBL 227 EAST WASHINGTON SQ, PHILADELPHIA, PA 19106}
}

@article{posner2013establishing,
  title={Establishing the psychometric underpinning of cognition measures for clinical trials of Alzheimer's disease and its precursors: a new approach},
  author={Posner, Holly B and Cano, Stefan and Carrillo, Maria C and Selnes, Ola and Stern, Yaakov and Thomas, Ronald G and Zajicek, John and Hobart, Jeremy and Alzheimer's Disease Neuroimaging Initiative and others},
  journal={Alzheimer's \& Dementia},
  volume={9},
  number={1},
  pages={S56--S60},
  year={2013},
  publisher={No longer published by Elsevier}
}

@article{thal1997tacrine,
  title={Tacrine and nursing home placement},
  author={Thal, Leon J and Thomas, Ronald G and Sano, Mary},
  journal={Neurology},
  volume={49},
  number={3},
  pages={897--898},
  year={1997},
  publisher={Wolters Kluwer Health, Inc. on behalf of the American Academy of Neurology}
}

@inproceedings{hohl1997diagnostic,
  title={Diagnostic accuracy of dementia with Lewy bodies: A prospective evaluation},
  author={Hohl, U and CoreyBloom, J and Hansen, LA and Thomas, RG and Thal, LJ},
  booktitle={Neurology},
  volume={48},
  number={3},
  pages={2032--2032},
  year={1997},
  organization={LIPPINCOTT-RAVEN PUBL 227 EAST WASHINGTON SQ, PHILADELPHIA, PA 19106}
}

@article{relkin2012o3,
  title={O3-13-05: The Gammaglobulin Alzheimer Partnership Study (GAP): Design, screening, enrollment and futility analysis results},
  author={Relkin, Norman and Gessert, Devon and Stokes, Karen and Adamiak, Basia and Ngo, Leock Y and Thomas, Ronald and Gelmont, David and Aisen, Paul},
  journal={Alzheimer's \& Dementia},
  volume={8},
  number={4S\_Part\_12},
  pages={P456--P456},
  year={2012}
}

@article{galasko2014clinical,
  title={Clinical trial of an inhibitor of RAGE-A beta interactions in Alzheimer disease},
  author={Galasko, Douglas and Bell, Joanne and Mancuso, Jessica Y and Kupiec, James W and Sabbagh, Marwan N and van Dyck, Christopher and Thomas, Ronald G and Aisen, Paul S and others},
  journal={Neurology},
  volume={82},
  number={17},
  pages={1536--1542},
  year={2014},
  publisher={Wolters Kluwer Health, Inc. on behalf of the American Academy of Neurology}
}

@inproceedings{williams1997quality,
  title={Quality of life among elderly adults with macular degeneration},
  author={Williams, RA and Brody, BL and Kaplan, RM and Thomas, RG and Brown, SI},
  booktitle={INVESTIGATIVE OPHTHALMOLOGY \& VISUAL SCIENCE},
  volume={38},
  number={4},
  pages={3169--3169},
  year={1997},
  organization={LIPPINCOTT-RAVEN PUBL 227 EAST WASHINGTON SQ, PHILADELPHIA, PA 19106}
}

@inproceedings{galasko1997csf,
  title={CSF levels of A beta 432 and tau as aids to diagnosing Alzheimer's disease},
  author={Galasko, D and Seubert, P and Motter, R and Schenk, D and Kholodenko, D and Lieberburg, I and Chang, L and Miller, B and Clark, C and Kaye, J and others},
  booktitle={Neurology},
  volume={48},
  number={3},
  pages={63008--63008},
  year={1997},
  organization={LIPPINCOTT-RAVEN PUBL 227 EAST WASHINGTON SQ, PHILADELPHIA, PA 19106}
}

@inproceedings{sano2000predicting,
  title={Predicting nursing home placement with change on cognitive measures in Alzheimer's disease},
  author={Sano, MC and Berg, JD and Knopman, D and Farlow, MR and Thomas, RG},
  booktitle={Neurology},
  volume={54},
  number={7},
  pages={A208--A208},
  year={2000},
  organization={LIPPINCOTT WILLIAMS \& WILKINS 530 WALNUT ST, PHILADELPHIA, PA 19106-3621 USA}
}

@inproceedings{doody2007dimebon,
  title={Dimebon improves cognition, function, and behavior in patients with mild-moderate Alzheimer's disease: Results of a randomized, double-blind, placebo-controlled study},
  author={Doody, Rochelle and Gavrilova, Svetlana and Sano, Mary and Thomas, Ronald and Aisen, Paul and Seely, Lynn and Hung, David},
  booktitle={Neurology},
  volume={68},
  number={12},
  pages={A353--A353},
  year={2007},
  organization={LIPPINCOTT WILLIAMS \& WILKINS 530 WALNUT ST, PHILADELPHIA, PA 19106-3621 USA}
}

@article{wright1996familial,
  title={Familial melanoma and pancreatic cancer},
  author={Wright, Fred A and Thomas, Ronald G},
  journal={The New England journal of medicine},
  volume={334},
  number={7},
  pages={470--472},
  year={1996}
}

@article{quinn2008p4,
  title={P4-343: Omega 3 fatty acids and Alzheimer's disease: Trial design and baseline study population characteristics in a clinical trial of docosahexanoic acid for Alzheimer's disease},
  author={Quinn, Joseph F and Raman, Rema and Thomas, Ronald and Ernstrom, Karin and Yurko-Mauro, Karin and Nelson, Edward and Aisen, Paul S},
  journal={Alzheimer's \& Dementia},
  volume={4},
  pages={T773--T773},
  year={2008}
}

@inproceedings{galasko1996development,
  title={Development of a pool of items to assess activities of daily living in clinical trials for Alzheimer's disease},
  author={Galasko, D and Bennett, D and Ernesto, C and Thomas, R and Sano, M},
  booktitle={Neurology},
  volume={46},
  number={2},
  pages={3075--3075},
  year={1996},
  organization={LITTLE BROWN CO 34 BEACON STREET, BOSTON, MA 02108-1493}
}

@inproceedings{sano2001incidence,
  title={Incidence and persistence of psychosis in Alzheimer's disease},
  author={Sano, MC and Berg, JD and Thomas, RG and Schneider, LS and Aisen, PS and Mulnard, R and Thal, LJ},
  booktitle={Neurology},
  volume={56},
  number={8},
  pages={A179--A179},
  year={2001},
  organization={LIPPINCOTT WILLIAMS \& WILKINS 530 WALNUT ST, PHILADELPHIA, PA 19106-3621 USA}
}

@article{donohue2014preclinical,
  title={The preclinical Alzheimer cognitive composite: measuring amyloid-related decline},
  author={Donohue, Michael C and Sperling, Reisa A and Salmon, David P and Rentz, Dorene M and Raman, Rema and Thomas, Ronald G and Weiner, Michael and Aisen, Paul S},
  journal={JAMA neurology},
  volume={71},
  number={8},
  pages={961--970},
  year={2014},
  publisher={American Medical Association}
}

@article{knopman1998relationship,
  title={The relationship between Nursing home placement and measures of change in Alzheimer's disease},
  author={Knopman, David and Sano, Mary and Berg, Julie and Thomas, Ronald},
  journal={Neurology},
  volume={50},
  number={4},
  year={1998}
}

@article{schafer1997p23,
  title={P23 use of the world wide web for clinical monitoring in multicenter clinical trials},
  author={Schafer, Kimberly and Thomas, Ronald G and Welty, Greg and Berry, Angela Lambert and Schittini, Mario},
  journal={Controlled Clinical Trials},
  volume={3},
  number={18},
  pages={S124},
  year={1997}
}

@article{galasko2008o2,
  title={O2-04--06: Randomized clinical trial of antioxidant treatment in Alzheimer's disease with CSF biomarker measures},
  author={Galasko, Douglas and Peskind, Elaine and Clark, Christopher M and Quinn, Joseph and Ringman, John and Jicha, Gregory A and Cottrell, Barbara and Thomas, Ronald G},
  journal={Alzheimer's \& Dementia},
  volume={4},
  pages={T139--T139},
  year={2008}
}

@article{doody2008p4,
  title={P4-337: Dimebon improves cognition, function, and behavior in mild and moderate Alzheimer's disease: Results by severity of a one-year, double-blind, placebo-controlled study},
  author={Doody, Rachelle S and Gavrilova, Svetlana and Thomas, Ronald and Aisen, Paul and Bachurin, Sergey and Seely, Lynn and Hung, David},
  journal={Alzheimer''s and Dementia},
  volume={4},
  number={4},
  pages={T771},
  year={2008}
}

@inproceedings{mellen1988forms,
  title={FORMS INVENTORY SYSTEM FOR A COMPLEX CLINICAL-TRIAL},
  author={MELLEN, BG and THOMAS, RG and CASTANO, D},
  booktitle={CONTROLLED CLINICAL TRIALS},
  volume={9},
  number={3},
  pages={282--283},
  year={1988},
  organization={ELSEVIER SCIENCE INC 655 AVENUE OF THE AMERICAS, NEW YORK, NY 10010}
}

@article{jimenez2012p3,
  title={P3-364: ADCS EDC},
  author={Jimenez-Maggiora, Gustavo and Thomas, Ronald and Hong, Phuoc and Aisen, Paul},
  journal={Alzheimer's \& Dementia},
  volume={8},
  number={4S\_Part\_16},
  pages={P584--P584},
  year={2012}
}

@inproceedings{gamst2000description,
  title={Description of behaviors emerging in community-dwelling persons with Alzheimer's disease over 12 months},
  author={Gamst, A and Thomas, RG and Patterson, M and Schneider, L},
  booktitle={ANNALS OF NEUROLOGY},
  volume={48},
  number={3},
  pages={419--420},
  year={2000},
  organization={LIPPINCOTT WILLIAMS \& WILKINS 530 WALNUT ST, PHILADELPHIA, PA 19106-3621 USA}
}

@article{aisen2008dual,
  title={Dual Task Test Could Help Diagnose Dementia},
  author={Aisen, Paul S and Schneider, Lon S and Sano, Mary and Diaz-Arrastia, Ramon and van Dyck, Christopher H and Weiner, Myron F and Bottiglieri, Teodoro and Jin, Shelia and Stokes, Karen T and Thomas, Ronald G and others},
  journal={JAMA},
  volume={300},
  number={15},
  pages={1774--1783},
  year={2008}
}

@article{raman2008p4,
  title={P4-387: Adding delayed recall to the Alzheimer's disease assessment scale-cognitive subscale (ADAS-cog): Sensitivity in a clinical trial for Alzheimer's disease and mild cognitive impairment},
  author={Raman, Rema and Emond, Jennifer and Thomas, Ronald G and Petersen, Ronald C and Schneider, Lon S and Aisen, Paul S and Sano, Mary},
  journal={Alzheimer's \& Dementia},
  volume={4},
  pages={T787--T788},
  year={2008}
}

@article{barrett1997estrogen,
  title={Estrogen, apolipoprotein E, and dementia},
  author={Barrett-Connor, Elizabeth and Thomas, Ronald G},
  journal={Journal of women's health},
  volume={6},
  number={6},
  pages={677--677},
  year={1997}
}

%

@article{brody2003self,
  title={Self-Management of Age-Related Macular Degeneration and Quality of Life at 6 Months Follow-Up: A Randomized Controlled Trial},
  author={Brody, BL and Roch-Levecq, AC and Thomas, RG and Maclean, KK and Kaplan, RM and Brown, SI},
  journal={Investigative Ophthalmology \& Visual Science},
  volume={44},
  number={13},
  pages={1834--1834},
  year={2003},
  publisher={The Association for Research in Vision and Ophthalmology}
}

@article{thomas1996a32,
  title={A32 computer-aided clinical monitoring: Results of a controlled experiment},
  author={Thomas, Ronald G and Schafer, Kimberly and Woodbury, Peter and White, Beverly and Mackell, Joan and Lambert, Angie and Scattini, Mario},
  journal={Controlled Clinical Trials},
  volume={2},
  number={17},
  pages={S56--S57},
  year={1996}
}

@article{jimenez2013p4,
  title={P4--157: Adcs electronic data capture: Collaborative development and management of clinical trial databases},
  author={Jimenez-Maggiora, Gustavo and Thomas, Ronald and Bruschi, Stefania and Qiu, Hongmei and Hong, Phuoc and Aisen, Paul},
  journal={Alzheimer's \& Dementia},
  volume={9},
  pages={P763--P764},
  year={2013}
}

@article{burstein2013p1,
  title={P1--332: Evaluation of the relationship between TTP488 plasma concentrations and changes in ADAS-cog relative to placebo},
  author={Burstein, Aaron and Galasko, Douglas and Aisen, Paul and Thomas, Ronald and Grimes, Imogene and Clark, David J and Mjalli, Adnan and Orlande, Cesare},
  journal={Alzheimer's \& Dementia},
  volume={9},
  pages={P279--P280},
  year={2013}
}

@inproceedings{pfeiffer2005cognition,
  title={Cognition in the treatment of mild cognitive impairment with donepezil and vitamin E},
  author={Pfeiffer, E and Petersen, RC and Thomas, RG and Thal, LJ},
  booktitle={INTERNATIONAL PSYCHOGERIATRICS},
  volume={17},
  pages={169--170},
  year={2005},
  organization={CAMBRIDGE UNIV PRESS 32 AVENUE OF THE AMERICAS, NEW YORK, NY 10013-2473 USA}
}

@article{tyrell1990p,
  title={{\textperiodcentered} P-08 An analysis of data collection mechanisms},
  author={Tyrell, Doris and Cline, Dorothy R and Thomas, Ronald G},
  journal={Controlled Clinical Trials},
  volume={11},
  number={4},
  pages={280},
  year={1990},
  publisher={Elsevier}
}

@article{goldberg2002psychosocial,
  title={Psychosocial and Functional Parameters in Patients with Age Related Macular Degeneration and Choroidal Neovascularization with and without Photodynamic Therapy},
  author={Goldberg, DE and Roch-Levecq, AC and Maclean, KK and Brody, BL and McGuire, DE and Goldbaum, MH and Thomas, RG and Brown, SI and Freeman, WR},
  journal={Investigative Ophthalmology \& Visual Science},
  volume={43},
  number={13},
  pages={597--597},
  year={2002},
  publisher={The Association for Research in Vision and Ophthalmology}
}

@article{thomas2004distinguished,
  title={Distinguished From Alzheimer Disease and Normal Aging for Clinical Trials Michael Grundman, MD, MPH; Ronald C. Petersen, PhD, MD; Steven H. Ferris, PhD},
  author={Thomas, Ronald G and Aisen, Paul S and Shoulson, Ira and Rosenberg, Roger N and Gwinn-Hardy, Katrina and Mathews, Katherine D and Moore, Steven A and Darnell, Robert B and Lu, Chin-Song and Chou, Yah-Huei Wu and others},
  year={2004}
}

@article{schafer1998use,
  title={Use of the world wide web in data dissemination to central review committees},
  author={Schafer, Kimberly A and Welty, Greg and Thomas, Ronald G},
  journal={Controlled Clinical Trials},
  volume={19},
  number={3},
  pages={S81},
  year={1998},
  publisher={Elsevier}
}

@article{thomas1990data,
  title={Data monitoring through stochastic curtailing when the outcome proportions are small: An exact approach},
  author={Thomas, Ronald G},
  journal={Controlled Clinical Trials},
  volume={11},
  number={4},
  pages={264},
  year={1990},
  publisher={Elsevier}
}

@article{jin1998dynamic,
  title={Dynamic measurement scale development for clinical trials in targeted populations},
  author={Jin, Shelia and Thomas, Ronald G and Galasko, Douglas and Thal, Leon J},
  journal={Controlled Clinical Trials},
  volume={19},
  number={3},
  pages={S58},
  year={1998},
  publisher={Elsevier}
}

@article{posner2009p1,
  title={P1-269: The ADAS-cog's performance as a measure-lessons from the ADNI study: Part 1-evaluation using traditional psychometric methods},
  author={Posner, Holly and Cano, Stefan and Aisen, Paul and Selnes, Ola and Stern, Yaakov and Thomas, Ronald and Weiner, Michael and Zajicek, John and Zeger, Scott and Hobart, Jeremy},
  journal={Alzheimer's \& Dementia},
  volume={5},
  number={4S\_Part\_9},
  pages={P256--P256},
  year={2009}
}

@article{roch2005cognitive,
  title={Cognitive Outcomes of Corrective Lenses on Low Income Preschoolers With Hyperopia/Astimgatism: A Longitudinal Pilot Study},
  author={Roch--Levecq, A--C and Brody, B and Thomas, RG and Brown, SI},
  journal={Investigative Ophthalmology \& Visual Science},
  volume={46},
  number={13},
  pages={4592--4592},
  year={2005},
  publisher={The Association for Research in Vision and Ophthalmology}
}

@article{petersen2005o1,
  title={[O1-04-04]: Operational criteria for patient recruitment in trials of mild cognitive impairment},
  author={Petersen, Ronald C and Thomas, Ronald G and Grundman, Michael and Bennett, David A and Kaye, Jeffrey and Levey, Allan I and Pfeiffer, Eric and Sano, Mary and van Dyck, Christopher H and Thal, Leon J},
  journal={Alzheimer's \& Dementia},
  volume={1},
  pages={S87--S87},
  year={2005}
}

@article{jeong199753,
  title={53 Power comparisons among different number of categories under ordered polytomous logistic regression model},
  author={Jeong, Jong-Hyeon and Klauber, Melville R and Thomas, Ronald G and Grundman, Michael and Thal, Leon J},
  journal={Controlled Clinical Trials},
  volume={3},
  number={18},
  pages={S74},
  year={1997}
}

@inproceedings{pasner2009adas,
  title={The ADAS-cog's Performance as a Measure Lessons from the ADNI Study: Part 1-Evaluation Using Traditional Psychometric Methods},
  author={Pasner, Holly and Cano, Stefan J and Aisen, Paul and Selnes, Ola and Stern, Yaakov and Thomas, Ronald and Weiner, Michael and Zajicek, John and Zeger, Scott and Hobart, Jeremy},
  booktitle={Neurology},
  volume={72},
  number={11},
  pages={A271--A272},
  year={2009},
  organization={LIPPINCOTT WILLIAMS \& WILKINS 530 WALNUT ST, PHILADELPHIA, PA 19106-3621 USA}
}

@article{sheridan1991analysis,
  title={An analysis of methods of communication in clinical trials},
  author={Sheridan, Lenore and Thomas, Ronald G},
  journal={Controlled Clinical Trials},
  volume={12},
  number={5},
  pages={711},
  year={1991},
  publisher={Elsevier}
}

@article{lee1990p,
  title={{\textperiodcentered} P-59 Conditional power calculations through computer simulation: An aid to data monitoring},
  author={Lee, Kelvin K and Thomas, Ronald G},
  journal={Controlled Clinical Trials},
  volume={11},
  number={4},
  pages={302},
  year={1990},
  publisher={Elsevier}
}

@inproceedings{grundman2002clinical,
  title={Clinical correlates of hippocampal atrophy in patients with mild cognitive impairment},
  author={Grundman, M and Kim, HT and Schultz, AN and Thomas, RG and Thal, L and Jack, CR and Peterson, RC},
  booktitle={NEUROBIOLOGY OF AGING},
  volume={23},
  number={1},
  pages={S364--S364},
  year={2002},
  organization={ELSEVIER SCIENCE INC 360 PARK AVE SOUTH, NEW YORK, NY 10010-1710 USA}
}

@article{berg1998measuring,
  title={Measuring cognitive progression in Alzheimer's disease},
  author={Berg, Julie D and Thomas, Ronald G and Thal, Leon J and Sano, Mary},
  journal={Controlled Clinical Trials},
  volume={19},
  number={3},
  pages={S57--S58},
  year={1998},
  publisher={Elsevier}
}

@article{whitehouse1997multicenter,
  title={A Multicenter Evaluation of New Treatment Efficacy},
  author={Whitehouse, Peter J and Schmitt, HFrederick A and Sano, Mary and Thomas, Ronald G},
  journal={Alzheimer Disease and Associated Disorders},
  volume={11},
  number={2},
  pages={I997},
  year={1997}
}

@article{thomas2013p3,
  title={P3--295: The Placebo Data Analysis in Alzheimer's Disease (AD) and Mild Cognitive Impairment (MCI) Clinical Trials Project: Overview of progress in trial data collection, and key findings from the pooled Alzheimer's disease trial datasets},
  author={Thomas, Ronald and Petersen, Ronald and Siuciak, Judith and Carrillo, Maria and Albert, Marilyn and Aisen, Paul and Alzheimer's Disease Neuroimaging Initiative and Foundation for NIH Biomarkers Consortium AD MCI Placebo Data Project Team},
  journal={Alzheimer's \& Dementia},
  volume={9},
  pages={P665--P665},
  year={2013}
}

@article{donohue2014estimating,
  title={Estimating long-term multivariate progression from short-term data},
  author={Donohue, Michael C and Jacqmin-Gadda, Hene and Le Goff, Melanie and Thomas, Ronald G and Raman, Rema and Gamst, Anthony C and Beckett, Laurel A and Jack Jr, Clifford R and Weiner, Michael W and Dartigues, Jean-Francois and others},
  journal={Alzheimer's \& Dementia},
  volume={10},
  pages={S400--S410},
  year={2014}
}

@article{quinn2010p1,
  title={P1-447: Cerebrospinal fluid biomarker outcomes in a trial of docosahexaenoic acid (DHA) for Alzheimer's disease},
  author={Quinn, Joseph F and Thomas, Ronald and Raman, Rema and Yurko-Mauro, Karin and Bailey-Hall, Eileen and Nelson, Edward and Shaw, Les and Aisen, Paul},
  journal={Alzheimer's \& Dementia},
  volume={6},
  pages={S307--S307},
  year={2010},
  publisher={The Alzheimer's Association}
}

@article{thal2005o2,
  title={[O2-01-01]: Donepezil and vitamin E in the progression of mild cognitive impairment to Alzheimer's disease: A hazard-ratio analysis},
  author={Thal, Leon J and Thomas, Ronald G and Grundman, Michael and Bennett, David A and Doody, Rachelle S and Ferris, Steven H and Galasko, Douglas R and Jin, Shelia and Levey, Allan I and Petersen, Ronald C},
  journal={Alzheimer's \& Dementia},
  volume={1},
  pages={S93--S94},
  year={2005}
}

@article{aisen2012p3,
  title={P3-384: The placebo data analysis in Alzheimer's disease and mild cognitive impairment (MCI) clinical trials project: Overview of progress in trial data collection, and key findings from the pooled MCI trial datasets},
  author={Aisen, Paul and Thomas, Ronald and Carrillo, Maria and Mohs, Richard and Petersen, Ronald and Siuciak, Judith and Albert, Marilyn and Alzheimer's Disease Neuroimaging Initiative and Foundation for NIH Biomarkers Consortium CSF Proteomics Project Team},
  journal={Alzheimer's \& Dementia},
  volume={8},
  number={4S\_Part\_16},
  pages={P590--P590},
  year={2012}
}

@inproceedings{edland2005sample,
  title={Sample size considerations in dementia prevention trials: Data from the Alzheimer's disease Cooperative Study MCI Trial},
  author={Edland, SD and May, S and Emond, JA and Wolfson, T and Thal, L and Petersen, RC and Thomas, RG},
  booktitle={NEUROLOGY},
  volume={64},
  number={6},
  pages={A364--A365},
  year={2005},
  organization={LIPPINCOTT WILLIAMS \& WILKINS 530 WALNUT ST, PHILADELPHIA, PA 19106-3621 USA}
}

@article{thomas1989exact,
  title={Exact sample size calculations for 2x2 comparative trials when the outcome proportions are small},
  author={Thomas, Ronald G},
  journal={Controlled Clinical Trials},
  volume={10},
  number={3},
  pages={347},
  year={1989},
  publisher={Elsevier}
}

@misc{quinn2011omega,
  title={Omega-3 Fatty Acids for Alzheimer's Disease. What a Pill Can Tell Us about Eating Fish},
  author={Quinn, JF and Raman, R and Thomas, RG and Yurko-Mauro, K and Nelson, EB and Van Dyck, C and Galvin, JE and Emond, J and Jack Jr, CR and Weiner, M and others},
  year={2011},
  publisher={KARGER ALLSCHWILERSTRASSE 10, CH-4009 BASEL, SWITZERLAND}
}

@article{cano2009o4,
  title={O4-04-07: The ADAS-cog's performance as a measureâ€”lessons from the ADNI study: Part 2-evaluation using modern psychometric methods},
  author={Cano, Stefan and Posner, Holly and Aisen, Paul and Selnes, Ola and Stern, Yaakov and Thomas, Ronald and Weiner, Michael and Zajicek, John and Zeger, Scott and Hobart, Jeremy},
  journal={Alzheimer's \& Dementia},
  volume={5},
  number={4S\_Part\_5},
  pages={P158--P158},
  year={2009}
}

@inproceedings{peavy1998cognitive,
  title={Cognitive and functional abilities in severely demented Alzheimer's patients},
  author={Peavy, GM and Salmon, DP and Thomas, RG},
  booktitle={CLINICAL NEUROPSYCHOLOGIST},
  volume={12},
  number={2},
  pages={281--281},
  year={1998},
  organization={SWETS ZEITLINGER PUBLISHERS PO BOX 825, 2160 SZ LISSE, NETHERLANDS}
}

@article{schafer1996p63,
  title={P63 Informed consent issues when including genetic testing in clinical trials},
  author={Schafer, Kimberly and Thomas, Ronald and Galasko, Douglas and Morris, John C and Whitehouse, Peter and Bochenek, Jacqueline and Thal, Leon},
  journal={Controlled Clinical Trials},
  volume={2},
  number={17},
  pages={S130--S131},
  year={1996}
}

@article{kean1998power,
  title={Power calculation for randomized start design},
  author={Kean, Yin M and Thomas, Ronald G and Thal, Leon J},
  journal={Controlled Clinical Trials},
  volume={19},
  number={3},
  pages={S38},
  year={1998},
  publisher={Elsevier}
}

@article{tariot2004p1,
  title={P1-322 A multicenter, randomized, double-blind, placebo-controlled trial of valproate for agitation associated with dementia},
  author={Tariot, Pierre N and Thal, Leon and Jakimovich, Laura and Thomas, Ronald and Raman, Rema},
  journal={Neurobiology of Aging},
  number={25},
  pages={S189},
  year={2004}
}

@article{galasko1999beneficial,
  title={The Beneficial Effects of Vitamin E and Selegiline in a Controlled Trial in Alzheimer's Disease Are Independent of the Apolipoprotein E e4 Allele},
  author={Galasko, Douglas and Sano, Mary and Berg, Julie and Thomas, Ronald and Grundman, Michael and Thal, Leon},
  journal={Neurology},
  volume={52},
  number={6},
  year={1999}
}

@inproceedings{hamilton2002correlates,
  title={Correlates of weight change in Huntington's disease},
  author={Hamilton, JM and Corey-Bloom, J and Thomas, RG and Peavy, G and Jacobson, MW},
  booktitle={NEUROLOGY},
  volume={58},
  number={7},
  pages={A309--A310},
  year={2002},
  organization={LIPPINCOTT WILLIAMS \& WILKINS 530 WALNUT ST, PHILADELPHIA, PA 19106-3621 USA}
}

@misc{chen2014bayesian,
  title={Bayesian Longitudinal Modeling on Placebo Data from Alzheimerâ€™s Disease Clinical Studies (P1. 010)},
  author={Chen, Yun-Fei and Mohs, Richard and Ding, Ying and Aisen, Paul and Thomas, Ronald},
  year={2014},
  publisher={Wolters Kluwer Health, Inc. on behalf of the American Academy of Neurology}
}

@article{fleisher2010p1,
  title={P1-433: Brain volume changes with divalproex sodium in Alzheimer's disease},
  author={Fleisher, Adam S and Jack Jr, Clifford R and Weiner, Michael W and Truran, Diana and Mai, Jacqueline and Aisen, Paul S and Cummings, Jeffrey L and Thomas, Ronald G and Schneider, Lon S and Tariot, Pierre N},
  journal={Alzheimer's \& Dementia},
  volume={6},
  pages={S302--S303},
  year={2010},
  publisher={The Alzheimer's Association}
}

@article{lineweaver1998practice,
  title={Practice effects on the modified Wisconsin card sorting test in normally aging adults},
  author={Lineweaver, TT and Bondi, MW and Thomas, RG},
  journal={Archives of Clinical Neuropsychology},
  volume={13},
  number={1},
  pages={41--41},
  year={1998},
  publisher={Elsevier}
}

@article{thomas2012p3,
  title={P3-383: ADCS data sharing},
  author={Thomas, Ronald and Jimenez, Gustavo and Brewer, James and Rissman, Robert A and Aisen, Paul},
  journal={Alzheimer's \& Dementia},
  volume={8},
  number={4S\_Part\_16},
  pages={P590--P590},
  year={2012}
}

@article{galasko2004p1,
  title={P1-003 ADCS Prevention instrument project: assessment of activities of daily living (ADL)},
  author={Galasko, Douglas and Bennett, David and Sano, Mary and Marson, Daniel and Jin, Shelia and Thomas, Ronald},
  journal={Neurobiology of Aging},
  number={25},
  pages={S94},
  year={2004}
}

@article{schafer1996a34,
  title={A34 Clinical monitoring of rating scales in multicenter clinical trials},
  author={Schafer, Kimberly and Ernesto, Christopher and Sano, Mary and Mackell, Joan and Thomas, Ronald and Morris, John C},
  journal={Controlled Clinical Trials},
  volume={2},
  number={17},
  pages={S57--S58},
  year={1996}
}

@article{donohue2014f3,
  title={F3-02-02: MODELING LONG-TERM DISEASE PROGRESSION WITH COVARIATES},
  author={Donohue, Michael C and Gamst, Anthony and Jack, Clifford and Beckett, Laurel and Weiner, Michael and Aisen, Paul and Raman, Rema and Thomas, Ronald},
  journal={Alzheimer's \& Dementia},
  volume={10},
  pages={P203--P204},
  year={2014},
  publisher={The Alzheimer's Association}
}

@article{weiner2002no,
  title={No long-term effect of behavioral treatment on psychotropic drug use for agitation in Alzheimer's disease patients},
  author={Weiner, Myron F and Tractenberg, Rochelle E and Sano, Mary and Logsdon, Rebecca and Teri, Linda and Galasko, Douglas and Gamst, Anthony and Thomas, Ron and Thal, Leon J},
  journal={Journal of geriatric psychiatry and neurology},
  volume={15},
  number={2},
  pages={95--98},
  year={2002},
  publisher={Sage Publications Sage CA: Thousand Oaks, CA}
}

@article{weiner1998comparison,
  title={A comparison of the Cohen-Mansfield agitation inventory with the cerad behavioral rating scale for dementia in community-dwelling persons with Alzheimers disease},
  author={Weiner, Myron F and Koss, Elisabeth and Patterson, Marian and Jin, Shelia and Teri, Linda and Thomas, Ron and Thal, Leon J and Whitehouse, Peter},
  journal={Journal of psychiatric research},
  volume={32},
  number={6},
  pages={347--351},
  year={1998},
  publisher={Pergamon}
}

@article{jimenez2014p1,
  title={P1-357: ADCS EDC: INVESTIGATIONAL PRODUCT MANAGEMENT SYSTEM},
  author={Jimenez-Maggiora, Gustavo Adolfo and Thomas, Ronald G and Qiu, Hongmei and Hong, Phuoc and Aisen, Paul S},
  journal={Alzheimer's \& Dementia},
  volume={10},
  pages={P444--P445},
  year={2014},
  publisher={The Alzheimer's Association}
}

@article{donohue2010o3,
  title={O3-01-07: Rate of decline in ADNI normal controls with evidence of amyloid burden},
  author={Donohue, Michael and Gamst, Anthony and Thomas, Ron and Brewer, Jim and Weiner, Michael and Aisen, Paul},
  journal={Alzheimer's \& Dementia},
  volume={6},
  pages={S126--S126},
  year={2010},
  publisher={The Alzheimer's Association}
}

@article{messick2011p3,
  title={P3-406: Role of caregiver in subject's compliance with treatment},
  author={Messick, Viviana and Donohue, Michael and Raman, Rema and Sano, Mary and Quinn, Joseph and Thomas, Ron and Emond, Jennifer and Aisen, Paul},
  journal={Alzheimer's \& Dementia},
  volume={7},
  pages={S645--S645},
  year={2011},
  publisher={The Alzheimer's Association}
}

@article{tractenberg1998agreement,
  title={Agreement on CDR ratings by committee},
  author={Tractenberg, Rochelle and Schafer, Kimberly and Thomas, Ron and Morris, John C},
  journal={Controlled Clinical Trials},
  volume={19},
  number={3},
  pages={S89},
  year={1998},
  publisher={Elsevier}
}

@article{roch1997defective,
  title={Defective Neurite Extension Is Caused by a Mutation in Amyloid /A4 (A ) Protein Precursor Found in Familial Alzheimer's Disease},
  author={Roch, J-M and Sundsmo, M and Otero, D and Sisodia, S and Thomas, R and Saitoh, T},
  journal={JOURNAL OF NEUROBIOLOGY},
  volume={32},
  pages={469--480},
  year={1997},
  publisher={JOHN WILEY \& SONS LTD}
}

@article{donohue2015longitudinal,
  title={Longitudinal plasma amyloid beta in Alzheimer's disease clinical trials},
  author={Donohue, Michael C and Moghadam, Setareh H and Roe, Allyson D and Sun, Chung-Kai and Edland, Steven D and Thomas, Ronald G and Petersen, Ronald C and Sano, Mary and Galasko, Douglas and Aisen, Paul S and others},
  journal={Alzheimer's \& Dementia},
  volume={11},
  number={9},
  pages={1069--1079},
  year={2015},
  publisher={No longer published by Elsevier}
}

@inproceedings{roubin1987prognosis,
  title={PROGNOSIS AFTER MULTIPLE VESSEL ANGIOPLASTY (PTCA) IN PATIENTS WITH CORONARY-ARTERY DISEASE},
  author={Roubin, GS and Sutor, C and Lembo, NJ and Hoffmeister, J and Thomas, RG and Douglas, JS and King, SB},
  booktitle={Circulation},
  volume={76},
  number={4},
  pages={465--465},
  year={1987},
  organization={AMER HEART ASSOC 7272 GREENVILLE AVENUE, DALLAS, TX 75231-4596}
}

@article{ellis1988angiographic,
  title={Angiographic and clinical predictors of acute closure after native vessel coronary angioplasty.},
  author={Ellis, SG and Roubin, GS and King 3rd, SB and Douglas Jr, JS and Weintraub, WS and Thomas, RG and Cox, WR},
  journal={Circulation},
  volume={77},
  number={2},
  pages={372--379},
  year={1988}
}

@inproceedings{thomas1987there,
  title={Is there dependence between sites for continued success or restenosis after successful multisite coronary angioplasty},
  author={Thomas, RG and Black, A and Lin, S and Chin, H and Weintraub, WS},
  booktitle={Circulation},
  volume={76},
  number={4},
  pages={214--214},
  year={1987},
  organization={AMER HEART ASSOC 7272 GREENVILLE AVENUE, DALLAS, TX 75231-4596}
}

@article{sano1997alpha,
  title={Alpha-tocopherol and Alzheimer's disease},
  author={Sano, Mary and Thomas, Ronald G and Thal, Leon J},
  journal={The New England Journal of Medicine},
  volume={337},
  number={8},
  year={1997}
}

@inproceedings{mufson1987comparison,
  title={A comparison of single lesion dilatation in single vessel and multivessel disease},
  author={Mufson, LGAR and Roubin, GS and Black, A and Thomas, RG},
  booktitle={Circulation},
  volume={76},
  number={4},
  pages={464--464},
  year={1987},
  organization={AMER HEART ASSOC 7272 GREENVILLE AVENUE, DALLAS, TX 75231-4596}
}

@article{koch2000randomized,
  title={A randomized controlled trial of prednisone in Alzheimerâ€™s disease},
  author={Koch, HJ and Szecsey, A},
  journal={Neurology},
  volume={55},
  number={7},
  pages={1067--1067},
  year={2000},
  publisher={Wolters Kluwer Health, Inc. on behalf of the American Academy of Neurology}
}

@incollection{schneider1997validity,
  title={Validity and reliability of the Alzheimerâ€™s Disease Cooperative Study-Clinical global impression of change (ADCS-CGIC)},
  author={Schneider, Lon S and Olin, Jason T and Doody, Rachelle S and Clark, Christopher M and Morris, John C and Reisberg, Barry and Ferris, Steven H and Schmitt, Frederick A and Grundman, Michael and Thomas, Ronald G},
  booktitle={Alzheimer Disease},
  pages={425--429},
  year={1997},
  publisher={Birkh{\"a}user Boston}
}

@article{roubin1988influence,
  title={Influence of balloon size on initial success, acute complications, and restenosis after percutaneous transluminal coronary angioplasty. A prospective randomized study.},
  author={Roubin, Gary S and Douglas Jr, John S and King 3rd, SB and Lin, SF and Hutchison, Nancy and Thomas, RG and Gruentzig, AR},
  journal={Circulation},
  volume={78},
  number={3},
  pages={557--565},
  year={1988}
}

@inproceedings{petersen2005treatment,
  title={Treatment of MCI with cholinesterase inhibitors: current data},
  author={Petersen, RC and Thomas, R and Grundman, M and Thal, L},
  booktitle={INTERNATIONAL PSYCHOGERIATRICS},
  volume={17},
  pages={34--34},
  year={2005},
  organization={CAMBRIDGE UNIV PRESS 40 WEST 20TH ST, NEW YORK, NY 10011-4211 USA}
}

@article{petersen2006cognitive,
  title={Cognitive Changes in the Treatment of Mild Cognitive Impairment with Donepezil and Vitamin E: P02. 187},
  author={Petersen, Ronald and Thomas, Ronald and Grundman, Michael and Thai, Leon},
  journal={Neurology},
  volume={66},
  number={5},
  year={2006}
}

@article{olin1999clinical,
  title={Clinical symptoms of dementia with Lewy bodies: Secondary analyses of the Alzheimer's disease cooperative study selegiline and vitamin E clinical trial},
  author={Olin, JT and Papka, M and Jin, S and Sano, M and Grundman, M and Thomas, R},
  journal={European Neuropsychopharmacology},
  number={9},
  pages={323},
  year={1999}
}

@misc{turner2015resveratrol,
  title={Resveratrol is safe and well-tolerated in individuals with mild-moderate dementia due to Alzheimerâ€™s disease.(S33. 009)},
  author={Turner, R and Thomas, Ronald and Craft, Suzanne and van Dyck, Christopher and Mintzer, Jacobo and Reynolds, Brigid and Brewer, James and Rissman, Robert and Raman, Rema and Aisen, Paul},
  year={2015},
  publisher={Wolters Kluwer Health, Inc. on behalf of the American Academy of Neurology}
}

@article{thal1986alzheimer,
  title={Alzheimer's disease: a correlational analysis of the Blessed Information-Memory-Concentration test and the Mini-Mental State Exam},
  author={Thal, Leon J and Grundman, Michael and Golden, Robert},
  journal={Neurology},
  volume={36},
  number={2},
  pages={262--262},
  year={1986},
  publisher={Wolters Kluwer Health, Inc. on behalf of the American Academy of Neurology}
}

@article{mcglynn1987effects,
  title={Effects of behavioral self-management on oral hygiene adherence among orthodontic patients},
  author={McGlynn, F Dudley and LeCompte, E Joseph and Thomas, Ronald G and Courts, Frank J and Melamed, Barbara G},
  journal={American Journal of Orthodontics and Dentofacial Orthopedics},
  volume={91},
  number={1},
  pages={15--21},
  year={1987},
  publisher={Mosby}
}

@article{doody2015peripheral,
  title={Peripheral and central effects of $\\gamma$-secretase inhibition by semagacestat in Alzheimerâ€™s disease},
  author={Doody, Rachelle S and Raman, Rema and Sperling, Reisa A and Seimers, Eric and Sethuraman, Gopalan and Mohs, Richard and Farlow, Martin and Iwatsubo, Takeshi and Vellas, Bruno and Sun, Xiaoying and others},
  journal={Alzheimer's research \& therapy},
  volume={7},
  number={1},
  pages={1--7},
  year={2015},
  publisher={BioMed Central}
}

@article{jimenezadcs,
  title={ADCS Electronic Data Capture (EDC)-Integrated Multi-Modal Image Management for Clinical Trials in Alzheimerâ€™s Disease},
  author={Jimenez-Maggiora, Gustavo A and Thomas, Ronald G and Brewer, James and Bruschi, Stefania and Hong, Phuoc and Aisen, Paul S}
}

@article{turner2015randomized,
  title={A randomized, double-blind, placebo-controlled trial of resveratrol for Alzheimer disease},
  author={Turner, R Scott and Thomas, Ronald G and Craft, Suzanne and Van Dyck, Christopher H and Mintzer, Jacobo and Reynolds, Brigid A and Brewer, James B and Rissman, Robert A and Raman, Rema and Aisen, Paul S and others},
  journal={Neurology},
  volume={85},
  number={16},
  pages={1383--1391},
  year={2015},
  publisher={Wolters Kluwer Health, Inc. on behalf of the American Academy of Neurology}
}

@inproceedings{raynauld1992progression,
  title={PROGRESSION OF FUNCTIONAL DISABILITY IN RHEUMATOID-ARTHRITIS},
  author={RAYNAULD, JP and THOMAS, RG and BLOCH, DA},
  booktitle={ARTHRITIS AND RHEUMATISM},
  volume={35},
  number={9},
  pages={S180--S180},
  year={1992},
  organization={LIPPINCOTT-RAVEN PUBL 227 EAST WASHINGTON SQ, PHILADELPHIA, PA 19106}
}

@article{sherertz1987impact,
  title={Impact of air filtration on nosocomial Aspergillus infections: unique risk of bone marrow transplant recipients},
  author={Sherertz, Robert J and Belani, Anusha and Kramer, Barnett S and Elfenbein, Gerald J and Weiner, Roy S and Sullivan, Marsha L and Thomas, Ronald G and Samsa, Gregory P},
  journal={The American journal of medicine},
  volume={83},
  number={4},
  pages={709--718},
  year={1987},
  publisher={Elsevier}
}

@article{shcrertz1987impact,
  title={Impact of air filtration on nosocomial aspergillus infections},
  author={Shcrertz, RJ and Belani, A and Kramer, BS and others},
  journal={Am J Med},
  volume={83},
  pages={709--18},
  year={1987}
}

@inproceedings{gelmont2015safety,
  title={Safety of Intravenous Immunoglobulin Therapy in Patients with Probable Alzheimer's Disease: A Randomized, Placebo-Controlled Clinical Study},
  author={Gelmont, D and Thomas, RG and Dyck-Jones, JA and Fritsch, S and Aisen, P and Relkin, N},
  booktitle={ANNALS OF ALLERGY ASTHMA \& IMMUNOLOGY},
  volume={115},
  number={5},
  pages={A113--A113},
  year={2015},
  organization={ELSEVIER SCIENCE INC 360 PARK AVE SOUTH, NEW YORK, NY 10010-1710 USA}
}

@article{laske2014phase,
  title={Phase 3 trials of solanezumab and bapineuzumab for Alzheimerâ€™s disease},
  author={Laske, Christoph},
  journal={N Engl J Med},
  volume={370},
  number={15},
  pages={1459},
  year={2014}
}

@article{thomas1995spanish,
  title={The Spanish Instrument Protocol: a Study to Evaluate Treatment Efficacy Instruments for Spanish-Speaking Patients with Alzheimer's Disease},
  author={Thomas, RG and Jin, S and Schafer, K and Schittini, M and Grundman, M and Ferris, SH},
  journal={Alzheimer Disease and Associated Disorders},
  volume={11},
  number={2},
  pages={S57--S64},
  year={1995}
}

@article{gelmont2016demonstration,
  title={Demonstration of safety of intravenous immunoglobulin in geriatric patients in a long-term, placebo-controlled study of Alzheimer's disease},
  author={Gelmont, David and Thomas, Ronald G and Britt, Jonathan and Dyck-Jones, Jacqueline A and Doralt, Jennifer and Fritsch, Sandor and Brewer, James B and Rissman, Robert A and Aisen, Paul},
  journal={Alzheimer's \& Dementia: Translational Research \& Clinical Interventions},
  volume={2},
  number={2},
  pages={131--139},
  year={2016},
  publisher={No longer published by Elsevier}
}

@article{schubert1984changes,
  title={Changes in shoulder and leg strength in athletes wearing mandibular orthopedic repositioning appliances},
  author={Schubert, Mark M and Guttu, Ronald L and Hunter, Letha H and Hall, Richard and Thomas, Ronald},
  journal={The Journal of the American Dental Association},
  volume={108},
  number={3},
  pages={334--337},
  year={1984},
  publisher={Elsevier}
}

@inproceedings{schubert1983effect,
  title={THE EFFECT OF MANDIBULAR ORTHOPEDIC REPOSITIONING APPLIANCES ON BODY STRENGTH},
  author={Schubert, M and Guttu, R and Hunter, L and Hall, R and Thomas, R},
  booktitle={JOURNAL OF DENTAL RESEARCH},
  volume={62},
  pages={259--259},
  year={1983},
  organization={AMER ASSOC DENTAL RESEARCH 1619 DUKE ST, ALEXANDRIA, VA 22314}
}

@article{thomas1990development,
  title={Development of an active target for scattering of neutral baryons},
  author={Thomas, R and Empl, E and Kilian, K and Oelert, W and Roderburg, E and Sefzick, T and Sehl, G and Steinkamp, O and Ziolkowski, M},
  journal={Verhandlungen der Deutschen Physikalischen Gesellschaft},
  volume={25},
  number={5},
  pages={1507},
  year={1990}
}

@article{decker1990test,
  title={Test measurements of an asymmetric induction drift chamber with flash ADC's},
  author={Decker, G and Kilian, K and Lippert, C and Oelert, W and Roderburg, E and Sefzick, T and Sehl, G and Steinkamp, O and Thomas, R and Ziolkowski, M and others},
  journal={Verhandlungen der Deutschen Physikalischen Gesellschaft},
  volume={25},
  number={1},
  pages={31},
  year={1990}
}

@article{russo2017adding,
  title={Adding recognition discriminability index to the delayed recall is useful to predict conversion from mild cognitive impairment to Alzheimer's disease in the Alzheimer's disease neuroimaging initiative},
  author={Russo, Mar{\'\i}a J and Campos, Jorge and V{\'a}zquez, Silvia and Sevlever, Gustavo and Allegri, Ricardo F and Weiner, Michael W and Aisen, Paul and Weiner, Michael and Petersen, Ronald and Jack Jr, Clifford R and others},
  journal={Frontiers in aging neuroscience},
  volume={9},
  pages={46},
  year={2017},
  publisher={Frontiers}
}

@article{doody2013alzheimer,
  title={Alzheimerâ€™s Disease Cooperative Study Steering Committee, Siemers E, Sethuraman G, Mohs R, Semagacestat Study Group. A phase 3 trial of semagacestat for treatment of Alzheimerâ€™s disease},
  author={Doody, RS and Raman, R and Farlow, M and Iwatsubo, T and Vellas, B and Joffe, S and Kieburtz, K and He, F and Sun, X and Thomas, RG and others},
  journal={N Engl J Med},
  volume={369},
  number={4},
  pages={341--50},
  year={2013}
}

@article{thomas1983population,
  title={Population dynamics of Meloidogyne incognita and Rotylenchulus reniformis alone and in combination, and their effects on sweet potato},
  author={Thomas, Ronald J and Clark, Christopher A},
  journal={Journal of Nematology},
  volume={15},
  number={2},
  pages={204},
  year={1983},
  publisher={Society of Nematologists}
}

@article{thomas1982interactions,
  title={Interactions of Rotylenchulus Reniformis and Meloidogyne Incognita on Sweet Potato.},
  author={Thomas, Ronald James},
  year={1982}
}

@article{thomas1983effects,
  title={Effects of concomitant development on reproduction of Meloidogyne incognita and Rotylenchulus reniformis on sweet potato},
  author={Thomas, Ronald J and Clark, Christopher A},
  journal={Journal of Nematology},
  volume={15},
  number={2},
  pages={215},
  year={1983},
  publisher={Society of Nematologists}
}

@article{thomas2007population,
  title={Population Dynamics of Meloidogyne incognita and RotylenchulusTenchulus reniformis Alone and in Combination, and Their Effects on Sweet Potato1},
  author={THOMAS, RONALD J and CLARK, CHRISTOPHER A},
  year={2007}
}

@article{thomas1982concomitant,
  title={CONCOMITANT REPRODUCTION AND POPULATION DYNAMICS OF MELOIDOGYNE INCOGNITA AND ROTYLENCHULUS RENIFORMIS ON SWEET POTATO},
  author={THOMAS, RJ and CA, CLARK},
  year={1982}
}

@misc{thomas1901essays,
  title={Essays on the Intellectual Powers of Man},
  author={Thomas, Reid},
  year={1901},
  publisher={Forgotten Books.}
}

@misc{reid1819essays,
  title={Essays on the Powers of the Human Mind: To which are Prefixed an Essay on Quantity, and an Analysis of Aristotle's Logic},
  author={Reid, Thomas},
  year={1819},
  publisher={Bell \& Bradfute}
}

@article{thomas1764inquiry,
  title={An Inquiry into the Human Mind on the Principles of Common Sense},
  author={Thomas, Reid},
  year={1764}
}

@article{sano2007p,
  title={P-081: The ACDS home assessment instrument: A pilot study},
  author={Sano, Mary and Kaye, Jeffrey and Ferris, Steven and Hayes, Tamara and Egelko, Susan and Mundt, James and Li, Yan and Walter, Sarah and Thomas, Ronald and Edland, Steven and others},
  journal={Alzheimer's \& Dementia},
  volume={3},
  number={3S\_Part\_1},
  pages={S124--S125},
  year={2007}
}

@article{doody2014alzheimer,
  title={Alzheimerâ€™s Disease Cooperative Study Steering Committee; Solanezumab study group. Phase 3 trials of solanezumab for mild-to-moderate Alzheimerâ€™s disease},
  author={Doody, RS and Thomas, RG and Farlow, M and Iwatsubo, T and Vellas, B and Joffe, S and Kieburtz, K and Raman, R and Sun, X and Aisen, PS and others},
  journal={N Engl J Med},
  volume={370},
  number={4},
  pages={311--321},
  year={2014}
}

@article{orban2015test,
  title={Test-retest resting-state fMRI in healthy elderly persons with a family history of Alzheimerâ€™s disease},
  author={Orban, Pierre and Madjar, C{\'e}cile and Savard, M{\'e}lissa and Dansereau, Christian and Tam, Angela and Das, Samir and Evans, Alan C and Rosa-Neto, Pedro and Breitner, John CS and Bellec, Pierre},
  journal={Scientific data},
  volume={2},
  number={1},
  pages={1--11},
  year={2015},
  publisher={Nature Publishing Group}
}

@article{deming2016genetic,
  title={Genetic studies of plasma analytes identify novel potential biomarkers for several complex traits},
  author={Deming, Yuetiva and Xia, Jian and Cai, Yefei and Lord, Jenny and Del-Aguila, Jorge L and Fernandez, Maria Victoria and Carrell, David and Black, Kathleen and Budde, John and Ma, ShengMei and others},
  journal={Scientific Reports},
  volume={6},
  number={1},
  pages={1--17},
  year={2016},
  publisher={Nature Publishing Group}
}

@article{lim2017apoe,
  title={APOE genotype and early beta-amyloid accumulation in older adults without dementia},
  author={Lim, Yen Ying and Mormino, Elizabeth C and Alzheimer's Disease Neuroimaging Initiative and others},
  journal={Neurology},
  volume={89},
  number={10},
  pages={1028--1034},
  year={2017},
  publisher={Wolters Kluwer Health, Inc. on behalf of the American Academy of Neurology}
}

@article{thomas1970time,
  title={Time dependence of the electrical conductivity of BaTiO3 single crystals heated in oxygen},
  author={Thomas, RT},
  journal={Journal of Physics D: Applied Physics},
  volume={3},
  number={10},
  pages={1434},
  year={1970},
  publisher={IOP Publishing}
}

@article{dix1972conductive,
  title={A conductive mode amplifier for the scanning electron microscope},
  author={Dix, C and Thomas, RT},
  journal={Journal of Physics E: Scientific Instruments},
  volume={5},
  number={7},
  pages={624},
  year={1972},
  publisher={IOP Publishing}
}

@article{machado2009reviews,
  title={REVIEWS IN THE NEUROSCIENCES},
  author={Machado, C and Leisman, G and Koch, P and Rodriguez, R and Caiballo, M and Korein, J and Sanchez-Catasus, C and Perez, J and Djuric, S and Djuric, V and others},
  journal={NEUROSCIENCES},
  volume={20},
  number={3-4},
  year={2009}
}

@article{gratze1970observations,
  title={Observations on epitaxial gallium arsenide varactor diodes using the scanning electron microscope},
  author={Gratze, SC and Thomas, RT},
  journal={Microelectronics Reliability},
  volume={9},
  number={1},
  pages={71},
  year={1970},
  publisher={Pergamon}
}

@article{fuchs1992two,
  title={Two-baryon systems with strangeness S=-1 and S=-2},
  author={Fuchs, M and Huber, MG and Metsch, BC and Thomas, R},
  journal={Verhandlungen der Deutschen Physikalischen Gesellschaft},
  volume={27},
  number={1},
  pages={113},
  year={1992}
}

@article{leemanmystere,
  title={Le myst{\`e}re des neutrinos manquants},
  author={Leeman, WA and Grunder, HA and Piccioni, O and Bowles, PH and Thomas, RH and Scipione, DS and Garland, RW}
}

@phdthesis{thomas1994zweibaryonensysteme,
  title={Zweibaryonensysteme mit Strangeness und die Antikaon-Deuteron Streuung},
  author={Thomas, Ralf},
  year={1994},
  school={Inst. f{\"u}r Theoretische Kernphysik}
}

@article{beuschel1992calculation,
  title={Calculation of observables in the pion-deuteron system. Berechnung von Observablen im Pion Deuteron-System},
  author={Beuschel, T and Feldkeller, B and Fuchs, M and Huber, MG and Metsch, BC and Thomas, R},
  journal={Verhandlungen der Deutschen Physikalischen Gesellschaft;(Germany)},
  volume={27},
  number={1},
  year={1992}
}

@article{guo2017conversion,
  title={Conversion discriminative analysis on mild cognitive impairment using multiple cortical features from MR images},
  author={Guo, Shengwen and Lai, Chunren and Wu, Congling and Cen, Guiyin and Weiner, Michael W and Aisen, Paul and Weiner, Michael and Petersen, Ronald and Jack Jr, Clifford R and Jagust, William and others},
  journal={Frontiers in aging neuroscience},
  volume={9},
  pages={146},
  year={2017},
  publisher={Frontiers}
}

@article{munilla2017construction,
  title={Construction and analysis of weighted brain networks from sice for the study of Alzheimer's disease},
  author={Munilla, Jorge and Ortiz, Andres and Gorriz, Juan M and Ramirez, Javier and Weiner, Michael W and Aisen, Paul and Weiner, Michael and Petersen, Ronald and Jack Jr, Clifford R and Jagust, William and others},
  journal={Frontiers in neuroinformatics},
  volume={11},
  pages={19},
  year={2017},
  publisher={Frontiers}
}

@article{schneider2017p4,
  title={[P4--573]: A PHASE 2 MULTICENTER, RANDOMIZED, PLACEBO-CONTROLLED TRIAL TO EVALUATE THE EFFICACY AND SAFETY OF EDONERPIC (T-817) IN PATIENTS WITH MILD TO MODERATE ALZHEIMER's DISEASE},
  author={Schneider, Lon S and Thomas, Ronald G and Hendrix, Suzanne and Brewer, James B and Rissman, Robert A and Salmon, David P and Kobayashi, Hiroshi and Feldman, Howard H},
  journal={Alzheimer's \& Dementia},
  volume={13},
  number={7S\_Part\_32},
  pages={P1572--P1572},
  year={2017},
  publisher={The Alzheimer's Association, Inc.}
}

@article{caputo2017o5,
  title={[O5--01--02]: RATIONALE FOR SELECTION OF PRIMARY ENDPOINTS IN THE ALZHEIMER PREVENTION INITIATIVE GENERATION STUDY IN COGNITIVELY HEALTHY APOE4 HOMOZYGOTES},
  author={Caputo, Angelika and Racine, Amy and Paule, Ines and Martens, Edwin P and Tariot, Pierre and Langbaum, Jessica B and Thomas, Ronald G and Hendrix, Suzanne and Ryan, J Michael and Lopez-Lopez, Cristina and others},
  journal={Alzheimer's \& Dementia},
  volume={13},
  number={7S\_Part\_30},
  pages={P1452--P1452},
  year={2017},
  publisher={The Alzheimer's Association, Inc.}
}

@article{risacher2017alzheimer,
  title={Alzheimer disease brain atrophy subtypes are associated with cognition and rate of decline},
  author={Risacher, Shannon L and Anderson, Wesley H and Charil, Arnaud and Castelluccio, Peter F and Shcherbinin, Sergey and Saykin, Andrew J and Schwarz, Adam J and Alzheimer's Disease Neuroimaging Initiative and others},
  journal={Neurology},
  volume={89},
  number={21},
  pages={2176--2186},
  year={2017},
  publisher={Wolters Kluwer Health, Inc. on behalf of the American Academy of Neurology}
}

@article{park2017robust,
  title={Robust identification of Alzheimerâ€™s disease subtypes based on cortical atrophy patterns},
  author={Park, Jong-Yun and Na, Han Kyu and Kim, Sungsoo and Kim, Hyunwook and Kim, Hee Jin and Seo, Sang Won and Na, Duk L and Han, Cheol E and Seong, Joon-Kyung},
  journal={Scientific reports},
  volume={7},
  number={1},
  pages={1--14},
  year={2017},
  publisher={Nature Publishing Group}
}

@article{kerns1992concave,
  title={Concave hymenal variations in suspected child sexual abuse victims},
  author={Kerns, David L and Ritter, Mary L and Thomas, Ronald G},
  journal={Pediatrics},
  volume={90},
  number={2},
  pages={265--272},
  year={1992},
  publisher={American Academy of Pediatrics}
}

@article{thomas2000disorder,
  title={Disorder among Veterans with Substance Abuse},
  author={THOMAS, R and MICHAEL, J},
  journal={THE JOURNaL OF NERvOUs AND MEntal Disease},
  volume={22},
  number={301800},
  pages={1887--454},
  year={2000}
}

@article{liu2016semi,
  title={A semi-mechanism approach based on MRI and proteomics for prediction of conversion from mild cognitive impairment to Alzheimerâ€™s disease},
  author={Liu, Haochen and Zhou, Xiaoting and Jiang, Hao and He, Hua and Liu, Xiaoquan},
  journal={Scientific reports},
  volume={6},
  number={1},
  pages={1--12},
  year={2016},
  publisher={Nature Publishing Group}
}

@article{lopez2017alzheimer,
  title={The Alzheimerâ€™s Prevention Initiative Generation Program: evaluating CNP520 efficacy in the prevention of Alzheimerâ€™s disease},
  author={Lopez, C Lopez and Caputo, A and Liu, F and Riviere, ME and Rouzade-Dominguez, ML and Thomas, RG and Langbaum, JB and Lenz, R and Reiman, EM and Graf, A and others},
  journal={J Prev Alzheimers Dis},
  volume={4},
  number={4},
  pages={242--6},
  year={2017}
}

@article{chen2015large,
  title={Large-scale genomics unveil polygenic architecture of human cortical surface area},
  author={Chen, Chi-Hua and Peng, Qian and Schork, Andrew J and Lo, Min-Tzu and Fan, Chun-Chieh and Wang, Yunpeng and Desikan, Rahul S and Bettella, Francesco and Hagler, Donald J and Westlye, Lars T and others},
  journal={Nature communications},
  volume={6},
  number={1},
  pages={1--7},
  year={2015},
  publisher={Nature Publishing Group}
}

@article{mellenuniversity,
  title={University of North Carolina, Chapel Hill, North Carolina (P68)},
  author={Mellen, Beverly G and Thomas, Ronald G and Castano, Diego}
}

@inproceedings{tariot2017alzheimer,
  title={The Alzheimer's Prevention Initiative (API) Generation Program: Evaluating the Efficacy of the BACE-1 Inhibitor CNP520 in Preclinical Alzheimer's Disease},
  author={Tariot, Pierre and Lopez-Lopez, Cristina and Caputo, Angelika and Thomas, Ronald G and Langbaum, Jessica and Lenz, Robert and Vargas, Gabriel and Viglietta, Vissia and Reiman, Eric M and Graf, Ana},
  booktitle={NEUROPSYCHOPHARMACOLOGY},
  volume={43},
  pages={S143--S144},
  year={2017},
  organization={NATURE PUBLISHING GROUP MACMILLAN BUILDING, 4 CRINAN ST, LONDON N1 9XW, ENGLAND}
}

@article{tariot2018alzheimer,
  title={The Alzheimer's Prevention Initiative Autosomal-Dominant Alzheimer's Disease Trial: A study of crenezumab versus placebo in preclinical PSEN1 E280A mutation carriers to evaluate efficacy and safety in the treatment of autosomal-dominant Alzheimer's disease, including a placebo-treated noncarrier cohort},
  author={Tariot, Pierre N and Lopera, Francisco and Langbaum, Jessica B and Thomas, Ronald G and Hendrix, Suzanne and Schneider, Lon S and Rios-Romenets, Silvia and Giraldo, Margarita and Acosta, Natalia and Tobon, Carlos and others},
  journal={Alzheimer's \& Dementia: Translational Research \& Clinical Interventions},
  volume={4},
  pages={150--160},
  year={2018},
  publisher={No longer published by Elsevier}
}

@article{gordon1981selective,
  title={Selective inhibition of thromboxane biosynthesis in human blood mononuclear cells and the effects of mitogen-stimulated lymphocyte proliferation.},
  author={Gordon, D and Nouri, AM and Thomas, RU},
  journal={British journal of pharmacology},
  volume={74},
  number={2},
  pages={469},
  year={1981},
  publisher={Wiley-Blackwell}
}

@article{gordon1980dissociation,
  title={Dissociation of the proliferative response of mitogen-stimulated human lymphocytes from the release of lymphokine (S) that stimulate prostaglandin (PG) production by isolated rheumatoid adherent synovial cells (RASC)},
  author={Gordon, D and Nouri, AME and Thomas, RU},
  journal={International Journal of Immunopharmacology},
  volume={2},
  number={3},
  pages={242},
  year={1980},
  publisher={Pergamon}
}

@article{gordon1991integration,
  title={Integration of statutory provisions of NEPA, RCRA, and CERCLA at the Savannah River site. Revision 1},
  author={Gordon, DE and Thomas, R and Shedrow, CB and Wilson, MP},
  year={1991}
}

@inproceedings{huws1985elution,
  title={ELUTION OF PROSTAGLANDIN-E2 FROM FILTER-PAPER STRIPS-EFFICIENCY AND REPRODUCIBILITY},
  author={HUWS, DA and FAN, TP and THOMAS, RU},
  booktitle={JOURNAL OF DENTAL RESEARCH},
  volume={64},
  number={4},
  pages={695--695},
  year={1985},
  organization={AMER ASSOC DENTAL RESEARCH 1619 DUKE ST, ALEXANDRIA, VA 22314}
}

@article{thomas1976prostaglandins,
  title={Prostaglandins and the release of histamine from rat peritoneal mast cells [proceedings].},
  author={Thomas, RU and Whittle, BJ},
  journal={British journal of pharmacology},
  volume={57},
  number={3},
  pages={474P},
  year={1976},
  publisher={Wiley-Blackwell}
}

@article{stotter1977reductive,
  title={Reductive dechlorination of DDT by haem proteins},
  author={Stotter, David A and Thomas, R David and Wilson, Michael T},
  journal={Bioinorganic chemistry},
  volume={7},
  number={1},
  pages={87--93},
  year={1977},
  publisher={Elsevier}
}

@article{klinger201818f,
  title={18F-florbetapir Positron Emission Tomography--determined Cerebral beta-Amyloid Deposition and Neurocognitive Performance after Cardiac Surgery},
  author={Klinger, Rebecca Y and James, Olga G and Borges-Neto, Salvador and Bisanar, Tiffany and Li, Yi-Ju and Qi, Wenjing and Berger, Miles and Terrando, Niccolo and Newman, Mark F and Doraiswamy, P Murali and others},
  journal={Anesthesiology},
  volume={128},
  number={4},
  pages={728--744},
  year={2018}
}

@misc{huisa2018memantine,
  title={Memantine and Cholinesterase Inhibitor Use in Alzheimer Disease Trials: Potential for Confounding by Indication (P6. 178)},
  author={Huisa, Branko and Thomas, Ronald and Jin, Shelia and Oltersdorf, Tilman and Taylor, Curtis and Feldman, Howard},
  year={2018},
  publisher={Wolters Kluwer Health, Inc. on behalf of the American Academy of Neurology}
}

@article{petersenvitamina,
  title={Vitamina E y donepezil para el tratamiento del deterioro cognitivo leve},
  author={Petersen, Ronald C and Thomas, Ronald G and Grundman, Michael}
}

@article{verfaillie2018subjective,
  title={Subjective cognitive decline is associated with altered default mode network connectivity in individuals with a family history of Alzheimerâ€™s disease},
  author={Verfaillie, Sander CJ and Binette, Alexa Pichet and Vachon-Presseau, Etienne and Tabrizi, Shirin and Savard, Melissa and Bellec, Pierre and Ossenkoppele, Rik and Scheltens, Philip and van der Flier, Wiesje M and Breitner, John CS and others},
  journal={Biological Psychiatry: Cognitive Neuroscience and Neuroimaging},
  volume={3},
  number={5},
  pages={463--472},
  year={2018},
  publisher={Elsevier}
}

@article{newman2015using,
  title={Using novel methodologies to examine the impact of artificial light at night on the cortisol stress response in dispersing Atlantic salmon (Salmo salar L.) fry},
  author={Newman, Rhian C and Ellis, Tim and Davison, Phil I and Ives, Mark J and Thomas, Rob J and Griffiths, Sian W and Riley, William D},
  journal={Conservation physiology},
  volume={3},
  number={1},
  pages={cov051},
  year={2015},
  publisher={Oxford University Press}
}

@article{doody2008statistical,
  title={Statistical treatment of withdrawal in trials of anti-dementia drugs--Authors' reply},
  author={Doody, Rachelle and Seely, Lynn and Thomas, Ronald and Sano, Mary and Aisen, Paul},
  journal={The Lancet},
  volume={372},
  number={9647},
  pages={1383},
  year={2008},
  publisher={Elsevier}
}

@article{thal2004s5,
  title={S5-03-02 Prevention trials in Alzheimer's disease: design issues},
  author={Thal, Leon},
  journal={Neurobiology of Aging},
  number={25},
  pages={S91},
  year={2004}
}

@article{jacobs2018p3,
  title={P3-032: SCREENING-TO-BASELINE COGNITIVE VARIABILITY DOES NOT PREDICT RATE OF DECLINE IN A CLINICAL TRIAL OF MILD-TO-MODERATE AD},
  author={Jacobs, Diane M and Thomas, Ronald G and Salmon, David P and Huisa, Branko N and Feldman, Howard H and Schneider, Lon S},
  journal={Alzheimer's \& Dementia},
  volume={14},
  number={7S\_Part\_20},
  pages={P1076--P1077},
  year={2018}
}

@article{reiman2018p4,
  title={P4-209: A PUBLIC RESOURCE OF BASELINE DATA FROM THE API AUTOSOMAL DOMINANT ALZHEIMER'S DISEASE COLOMBIA TRIAL},
  author={Reiman, Eric M and Sink, Kaycee M and Hu, Nan and Guthrie, Heather and Smith, Jillian and Cho, William and Knoll, Katie L and Langbaum, Jessica B and Thomas, Ronald G and Toga, Arthur W and others},
  journal={Alzheimer's \& Dementia},
  volume={14},
  number={7S\_Part\_29},
  pages={P1521--P1521},
  year={2018}
}

@article{donohue2014australian,
  title={Australian imaging, biomarkers, and lifestyle flagship study of ageing; Alzheimerâ€™s disease neuroimaging initiative; Alzheimerâ€™s disease cooperative study. The preclinical Alzheimer cognitive composite: measuring amyloid-related decline},
  author={Donohue, MC and Sperling, RA and Salmon, DP and Rentz, DM and Raman, R and Thomas, RG and Weiner, M and Aisen, PS},
  journal={JAMA Neurol},
  volume={71},
  number={8},
  pages={961--970},
  year={2014}
}

@article{huisa2019memantine,
  title={Memantine and acetylcholinesterase inhibitor use in Alzheimerâ€™s disease clinical trials: Potential for confounding by indication},
  author={Huisa, Branko N and Thomas, Ronald G and Jin, Shelia and Oltersdorf, Tilman and Taylor, Curtis and Feldman, Howard H},
  journal={Journal of Alzheimer's Disease},
  volume={67},
  number={2},
  pages={707--713},
  year={2019},
  publisher={IOS Press}
}

@article{aisen2008alzheimer,
  title={Alzheimer Disease Cooperative Study. High-dose B vitamin supplementation and cognitive decline in Alzheimer disease: a randomized controlled trial},
  author={Aisen, PS and Schneider, LS and Sano, M and Diaz-Arrastia, R and Van Dyck, CH and Weiner, MF and Bottiglieri, T and Jin, S and Stokes, KT and Thomas, RG and others},
  journal={Jama},
  volume={300},
  number={15},
  pages={1774--1783},
  year={2008}
}

@article{galasko1997alzheimer,
  title={the Alzheimerâ€™s Disease Cooperative Study. An inventory to assess activities of daily living for clinical trials in Alzheimerâ€™s disease},
  author={Galasko, D and Bennett, D and Sano, M and Ernesto, C and Thomas, R and Grundman, M and Ferris, S},
  journal={Alzheimer Dis Assoc Disord},
  volume={11},
  number={Suppl 2},
  pages={S33--S39},
  year={1997}
}

@article{schneider1997alzheimer,
  title={the Alzheimer's Disease Cooperative Study. Validity and reliability of the Alzheimer's disease cooperative study-clinical global impression of change},
  author={Schneider, LS and Olin, JT and Doody, RS and Clark, CM and Morris, JC and Reisberg, B and Schmitt, FA and Grundman, M and Thomas, RG and Ferris, SH},
  journal={Alzheimer Dis Assoc Disord},
  volume={11},
  number={suppl 2},
  pages={S22--S32},
  year={1997}
}

@article{thomas2003fission,
  title={Fission fragment angular distributions: A probe to study heavy-ion fusion dynamics},
  author={Thomas, RG and Choudhury, RK and Mohanty, AK and Saxena, A and Kapoor, SS},
  journal={Physical Review C},
  volume={67},
  number={4},
  pages={041601},
  year={2003},
  publisher={American Physical Society}
}

@inproceedings{tariot2016alzheimer,
  title={The Alzheimer's Prevention Initiative Generation Study: A Preclinical Trial in APOE4 Homozygotes},
  author={Tariot, Pierre and Langbaum, Jessica and Schneider, Lon and Thomas, Ronald G and Graf, Ana and Lopez-Lopez, Cristina and Caputo, Angelika and Lenz, Robert and Vargas, Gabriel and Reiman, Eric M},
  booktitle={NEUROPSYCHOPHARMACOLOGY},
  volume={41},
  pages={S139--S139},
  year={2016},
  organization={NATURE PUBLISHING GROUP MACMILLAN BUILDING, 4 CRINAN ST, LONDON N1 9XW, ENGLAND}
}

@article{doody2008dimebon,
  title={Dimebon investigators: Effect of dimebon on cognition, activities of daily living, behaviour, and global function in patients with mild-to-moderate Alzheimer's disease: a randomised, double-blind, placebo-controlled study},
  author={Doody, RS and Gavrilova, SI and Sano, M and Thomas, RG and Aisen, PS and Bachurin, SO and Seely, L and Hung, D},
  journal={Lancet},
  volume={372},
  number={9634},
  pages={207--215},
  year={2008}
}

@article{logsdon1999brief,
  title={Brief Methodological Reports-Assessment of Agitation in Alzheimer's Disease: The Agitated Behavior in Dementia Scale},
  author={Logsdon, Rebecca G and Teri, Linda and Weiner, Myron F and Gibbons, Laura E and Raskind, Murray and Peskind, Elaine and Grundman, Michael and Koss, Elisabeth and Thomas, Ronald G and Thal, Leon J},
  journal={Journal of the American Geriatrics Society},
  volume={47},
  number={11},
  pages={1354--1358},
  year={1999},
  publisher={Baltimore; New York: Elsevier Science Pub. Co.,[1953]-}
}

@article{sano2019randomized,
  title={A randomized clinical trial to evaluate home-based assessment of people over 75 years old},
  author={Sano, Mary and Zhu, Carolyn W and Kaye, Jeffrey and Mundt, James C and Hayes, Tamara L and Ferris, Steven and Thomas, Ronald G and Sun, Chung-Kai and Jiang, Yanxin and Donohue, Michael C and others},
  journal={Alzheimer's \& Dementia},
  volume={15},
  number={5},
  pages={615--624},
  year={2019}
}

@article{austin2012garden,
  title={A Garden before the Garden: Landscape, History and the National Botanic Garden of Wales},
  author={Austin, David and Thomas, Rob},
  journal={Landscapes},
  volume={13},
  number={1},
  pages={32--56},
  year={2012},
  publisher={Routledge}
}

@article{thomasuse,
  title={The use of firearms on land managed by Natural Resources Wales: a review of evidence on the impacts on biodiversity, the environment and the economy.},
  author={Thomas, Rob and Vafidis, Jim and Schwartz, Amy and Perkins, Sarah and Vafidis, Jim O}
}

@article{smart2011radiological,
  title={Radiological follow up of perineal repair with cross-linked acellular porcine dermal collagen following extralevator abdominoperineal excision for low rectal cancer: P115},
  author={Smart, N and George, A and Khan, D and Thomas, R and Daniels, I},
  journal={Colorectal Disease},
  volume={13},
  year={2011}
}

@misc{borowsky2019alzheimer,
  title={The Alzheimer Prevention Initiative Generation Program: Evaluation of CNP520 in Preclinical Alzheimerâ€™s Disease (P4. 1-005)},
  author={Borowsky, Beth and Lopez, Cristina Lopez and Tariot, Pierre and Caputo, Angelika and Liu, Fonda and Riviere, Marie-Emmanuelle and Rouzade-Dominguez, Marie-Laure and Thomas, Ronald and Langbaum, Jessica and Viglietta, Vissia and others},
  year={2019},
  publisher={Wolters Kluwer Health, Inc. on behalf of the American Academy of Neurology}
}

@article{pepe1983early,
  title={Early prediction of the adult respiratory distress syndrome by a simple scoring method},
  author={Pepe, Paul E and Thomas, Ronald G and Stager, Marie Anne and Hudson, Leonard D and Carrico, C James},
  journal={Annals of emergency medicine},
  volume={12},
  number={12},
  pages={749--755},
  year={1983},
  publisher={Mosby}
}

@article{lopez2019alzheimer,
  title={The Alzheimer's Prevention Initiative Generation Program: study design of two randomized controlled trials for individuals at risk for clinical onset of Alzheimer's disease},
  author={Lopez, Cristina Lopez and Tariot, Pierre N and Caputo, Angelika and Langbaum, Jessica B and Liu, Fonda and Riviere, Marie-Emmanuelle and Langlois, Carolyn and Rouzade-Dominguez, Marie-Laure and Zalesak, Martin and Hendrix, Suzanne and others},
  journal={Alzheimer's \& Dementia: Translational Research \& Clinical Interventions},
  volume={5},
  pages={216--227},
  year={2019},
  publisher={No longer published by Elsevier}
}

@article{argent2004map,
  title={MAP kinase inhibitors reduce Helicobacter pylori-induced interleukin-8 secretion and the phosphorylation of I$\\kappa$B$\\\\alpha$},
  author={Argent, R and Thomas, R and Boughan, P and Kidd, M and Smith, J and James, M and Bajaj-Elliott, M and Atherton, J},
  journal={Helicobacter},
  volume={9},
  number={5},
  year={2004}
}

@inproceedings{james2002indomethacin,
  title={Indomethacin reduces Helicobacter pylori-induced interleukin-8 (IL-8) production by the gastric epithelial cell line, AGS.},
  author={James, MW and Argent, RH and Thomas, R and Hawkey, C and Atherton, J},
  booktitle={GASTROENTEROLOGY},
  volume={122},
  number={4},
  pages={A227--A227},
  year={2002},
  organization={WB SAUNDERS CO INDEPENDENCE SQUARE WEST CURTIS CENTER, STE 300, PHILADELPHIA~â€¦}
}

@article{galasko2012alzheimer,
  title={Alzheimerâ€™s Disease Cooperative Study. Antioxidants for Alzheimer disease: a randomized clinical trial with cerebrospinal fluid biomarker measures},
  author={Galasko, DR and Peskind, E and Clark, CM and Quinn, JF and Ringman, JM and Jicha, GA and Cotman, C and Cottrell, B and Montine, TJ and Thomas, RG and others},
  journal={Arch Neurol},
  volume={69},
  number={7},
  pages={836--841},
  year={2012}
}

@article{schneider2019safety,
  title={Safety and efficacy of edonerpic maleate for patients with mild to moderate Alzheimer disease: a phase 2 randomized clinical trial},
  author={Schneider, Lon S and Thomas, Ronald G and Hendrix, Suzanne and Rissman, Robert A and Brewer, James B and Salmon, David P and Oltersdorf, Tilman and Okuda, Tomohiro and Feldman, Howard H and others},
  journal={JAMA neurology},
  volume={76},
  number={11},
  pages={1330--1339},
  year={2019},
  publisher={American Medical Association}
}

@article{liu2019new,
  title={New Perspective for Non-invasive Brain Stimulation Site Selection in Mild Cognitive Impairment: Based on Meta-and Functional Connectivity Analyses},
  author={Liu, Jiao and Zhang, Binlong and Wilson, Georgia and Kong, Jian and Weiner, Michael W and Aisen, Paul and Weiner, Michael and Petersen, Ronald and Jack Jr, Clifford R and Jagust, William and others},
  journal={Frontiers in aging neuroscience},
  volume={11},
  pages={228},
  year={2019},
  publisher={Frontiers}
}

@article{schneider2019low,
  title={Low-dose ladostigil for mild cognitive impairment: A phase 2 placebo-controlled clinical trial},
  author={Schneider, Lon S and Geffen, Yona and Rabinowitz, Jonathan and Thomas, Ronald G and Schmidt, Reinhold and Ropele, Stefan and Weinstock, Marta and Ladostigil Study Group and others},
  journal={Neurology},
  volume={93},
  number={15},
  pages={e1474--e1484},
  year={2019},
  publisher={Wolters Kluwer Health, Inc. on behalf of the American Academy of Neurology}
}

@article{kaloupekutility,
  title={Utility of Psychophysiological Measurement in the Diagnosis of Posttraumatic Stress Disorder: Results From a Department of Veterans Affairs Cooperative Study},
  author={Kaloupek, Danny G and Hsieh, Frank Y and Thomas, Ronald G}
}

@article{gupta2019prediction,
  title={Prediction and classification of Alzheimerâ€™s disease based on combined features from apolipoprotein-E genotype, cerebrospinal fluid, MR, and FDG-PET imaging biomarkers},
  author={Gupta, Yubraj and Lama, Ramesh Kumar and Kwon, Goo-Rak and Weiner, Michael W and Aisen, Paul and Weiner, Michael and Petersen, Ronald and Jack Jr, Clifford R and Jagust, William and Trojanowki, John Q and others},
  journal={Frontiers in computational neuroscience},
  volume={13},
  pages={72},
  year={2019},
  publisher={Frontiers}
}

@article{sano336schneider,
  title={Schneider, L. s., and Thal, LJ (1997). A controlled trial of selegiline, alphatocopherol, or both as treatment for Alzheimerâ€™s disease},
  author={Sano, M and Ernesto, C and Thomas, RG and Klauber, MR and Schafer, K and Grundman, M and Woodbury, P and Growdon, J and Cotman, CW and Pfeiffer, E},
  journal={N. Engl. J. Med},
  volume={336},
  pages={1216--1222}
}

@article{acosta2019f4,
  title={F4-04-02: AGE-RELATED CHANGES IN BASELINE COGNITIVE MEASURES IN UNIMPAIRED PSEN1 E280A MUTATION CARRIERS AND NON-CARRIERS IN THE API AUTOSOMAL DOMINANT ALZHEIMER'S DISEASE COLOMBIA TRIAL},
  author={Acosta-Baena, Natalia and Rios-Romenets, Silvia and Munoz, Claudia and Bocanegra, Yamile and Henao, Eliana and Giraldo, Margarita and Tobon, Carlos and Sink, Kaycee and Hu, Nan and Guthrie, Heather and others},
  journal={Alzheimer's \& Dementia},
  volume={15},
  pages={P1223--P1223},
  year={2019}
}

@article{su2019f4,
  title={F4-04-03: RELATIONSHIPS BETWEEN BASELINE BRAIN IMAGING BIOMARKER MEASUREMENTS AND AGE IN THE API AUTOSOMAL DOMINANT ALZHEIMER'S DISEASE COLOMBIA TRIAL},
  author={Su, Yi and Rios-Romenets, Silvia and Tariot, Pierre N and Sink, Kaycee and Clayton, David and Hu, Nan and Guthrie, Heather and Smith, Jillian and Cho, William and Langbaum, Jessica B and others},
  journal={Alzheimer's \& Dementia},
  volume={15},
  pages={P1223--P1224},
  year={2019}
}

@article{tariot2019f4,
  title={F4-04-01: TRIAL DESIGN, DATA SHARING RISK MITIGATION, AND BASELINE CLINICAL AND COGNITIVE DATA FROM THE API AUTOSOMAL DOMINANT ALZHEIMER'S DISEASE COLOMBIA TRIAL},
  author={Tariot, Pierre N and Lopera, Francisco and Sink, Kaycee and Hu, Nan and Guthrie, Heather and Smith, Jillian and Cho, William and Langbaum, Jessica B and Thomas, Ronald G and Giraldo, Margarita and others},
  journal={Alzheimer's \& Dementia},
  volume={15},
  pages={P1222--P1223},
  year={2019}
}

@article{quiroz2019f4,
  title={F4-04-04: ASSOCIATION BETWEEN CEREBRAL AMYLOIDOSIS AND WORSE COGNITIVE PERFORMANCE IN PRECLINICAL AUTOSOMAL DOMINANT ALZHEIMER'S DISEASE: BASELINE FINDINGS FROM THE API COLOMBIA AUTOSOMAL DOMINANT AD TRIAL},
  author={Quiroz, Yakeel T and Tariot, Pierre N and Sink, Kaycee and Clayton, David and Langbaum, Jessica B and Thomas, Ronald G and Giraldo, Margarita and Tobon, Carlos and Acosta-Baena, Natalia and Luna, Ernesto and others},
  journal={Alzheimer's \& Dementia},
  volume={15},
  pages={P1224--P1224},
  year={2019}
}

@article{matthews2020effects,
  title={The Effects of Rasagiline on Glucose Metabolism and Cognition and Their Relationship to Tau Burden in a Double-Blind, Placebo-Controlled Phase Ii Clinical Trial of Participants with Alzheimer's Dementia},
  author={Matthews, Dawn and Ritter, Aaron and Thomas, Ronald G and Andrews, Randolph D and Lukic, Ana S and Revta, Carolyn and Tousi, Babak and Leverenz, James B and Fillit, Howard and Zhong, Kate and others},
  journal={Placebo-Controlled Phase Ii Clinical Trial of Participants with Alzheimer's Dementia (2/21/2020)},
  year={2020}
}

@article{rios2020baseline,
  title={Baseline demographic, clinical, and cognitive characteristics of the Alzheimer's Prevention Initiative (API) Autosomal-Dominant Alzheimer's Disease Colombia Trial},
  author={Rios-Romenets, Silvia and Lopera, Francisco and Sink, Kaycee M and Hu, Nan and Lian, Qinshu and Guthrie, Heather and Smith, Jillian and Cho, William and Mackey, Howard and Langbaum, Jessica B and others},
  journal={Alzheimer's \& Dementia},
  volume={16},
  number={7},
  pages={1023--1030},
  year={2020}
}

@article{langbaum2020alzheimer,
  title={The Alzheimerâ€™s Prevention Initiative Composite Cognitive Test: a practical measure for tracking cognitive decline in preclinical Alzheimerâ€™s disease},
  author={Langbaum, Jessica B and Ellison, Noel N and Caputo, Angelika and Thomas, Ronald G and Langlois, Carolyn and Riviere, Marie-Emmanuelle and Graf, Ana and Lopez Lopez, Cristina and Reiman, Eric M and Tariot, Pierre N and others},
  journal={Alzheimer's Research \& Therapy},
  volume={12},
  pages={1--11},
  year={2020},
  publisher={BioMed Central}
}

@article{zhao2019quantitative,
  title={Quantitative 18F-AV1451 brain tau PET imaging in cognitively normal older adults, mild cognitive impairment, and Alzheimer's disease patients},
  author={Zhao, Qian and Liu, Min and Ha, Lingxia and Zhou, Yun and Weiner, Michael W and Aisen, Paul and Weiner, Michael and Petersen, Ronald and Jack Jr, Clifford R and Jagust, William and others},
  journal={Frontiers in neurology},
  volume={10},
  pages={486},
  year={2019},
  publisher={Frontiers}
}

@article{hendrickson2021optimizing,
  title={Optimizing aggregated N-of-1 trial designs for predictive biomarker validation: statistical methods and theoretical findings},
  author={Hendrickson, Rebecca C and Thomas, Ronald G and Schork, Nicholas J and Raskind, Murray A},
  journal={Creating Evidence from Real World Patient Digital Data},
  volume={2},
  pages={7},
  year={2021},
  publisher={Frontiers Media SA}
}

@article{vila2020sex,
  title={Sex differences in neurodegeneration and memory performance in preclinical autosomal dominant Alzheimerâ€™s disease: Baseline findings from the API ADAD trial: Intersections of sex/gender and race/ethnicity in cognitive aging and Alzheimerâ€™s disease trajectories},
  author={Vila-Castelar, Clara and Tariot, Pierre N and Sink, Kaycee M and Clayton, David and Langbaum, Jessica B and Thomas, Ronald G and Chen, Yinghua and Su, Yi and Hu, Nan and Giraldo-Chica, Margarita and others},
  journal={Alzheimer's \& Dementia},
  volume={16},
  pages={e041225},
  year={2020}
}

@inproceedings{ghisays2020pet,
  title={PET evidence of preclinical cerebellar amyloid plaque deposition in autosomal dominant Alzheimer's disease},
  author={Ghisays, Valentina and Lopera, Francisco and Goradia, Dhruman D and Protas, Hillary D and Malek-Ahmadi, Michael H and Chen, Yinghua and Devadas, Vivek and Luo, Ji and Lee, Wendy and Brown, Christopher T and others},
  booktitle={2020 Alzheimer's Association International Conference},
  year={2020},
  organization={ALZ}
}

@article{jacobs2020development,
  title={Development of a novel cognitive composite outcome to assess therapeutic effects of exercise in the EXERT trial for adults with MCI: The ADAS-Cog-Exec},
  author={Jacobs, Diane M and Thomas, Ronald G and Salmon, David P and Jin, Shelia and Feldman, Howard H and Cotman, Carl W and Baker, Laura D and Alzheimer's Disease Cooperative Study EXERT Study Group and Alzheimer's Disease Neuroimaging Initiative},
  journal={Alzheimer's \& Dementia: Translational Research \& Clinical Interventions},
  volume={6},
  number={1},
  pages={e12059},
  year={2020}
}

@article{kilian2019multimodal,
  title={Multimodal Hippocampal Subfield Grading For Alzheimerâ€™s Disease Classification},
  author={Kilian, Hett and Vinh-Thong, Ta and Gwenaelle, Catheline and Tourdias, Thomas and Manjon, Jose V and Pierrick, Coupe and Weiner, Michael W and Aisen, Paul and Petersen, Ronald and Jack Jr, Clifford R and others},
  journal={Scientific Reports (Nature Publisher Group)},
  volume={9},
  number={1},
  year={2019},
  publisher={Nature Publishing Group}
}

@article{schneider1996validity,
  title={Validity and reliability of the Alzheimers disease cooperative study-clinical global impression of change (ADCS-CGIC)},
  author={Schneider, Lon S and Olin, Jason T and Doody, Rachelle S and Clark, Christopher M and Morris, John C and Reisberg, Barry and Ferris, Steven H and Schmitt, Frederick A and Grundman, Michael and Thomas, Ronald G},
  journal={Alzheimer Disease Springer},
  pages={425--9},
  year={1996}
}

@article{binette2021amyloid,
  title={Amyloid and tau pathology associations with personality traits, neuropsychiatric symptoms, and cognitive lifestyle in the preclinical phases of sporadic and autosomal dominant Alzheimerâ€™s disease},
  author={Binette, Alexa Pichet and Vachon-Presseau, Etienne and Morris, John and Bateman, Randall and Benzinger, Tammie and Collins, D Louis and Poirier, Judes and Breitner, John CS and Villeneuve, Sylvia and Allegri, Ricardo and others},
  journal={Biological psychiatry},
  volume={89},
  number={8},
  pages={776--785},
  year={2021},
  publisher={Elsevier}
}

@article{matthews2021rasagiline,
  title={Rasagiline effects on glucose metabolism, cognition, and tau in Alzheimer's dementia},
  author={Matthews, Dawn C and Ritter, Aaron and Thomas, Ronald G and Andrews, Randolph D and Lukic, Ana S and Revta, Carolyn and Kinney, Jefferson W and Tousi, Babak and Leverenz, James B and Fillit, Howard and others},
  journal={Alzheimer's \& Dementia: Translational Research \& Clinical Interventions},
  volume={7},
  number={1},
  pages={e12106},
  year={2021}
}

@article{shadyab202,
  title={Recruitment of a multi-site randomized controlled trial of aerobic exercise for older adults with amnestic mild cognitive impairment: the EXERT trial},
  author={Shadyab, Aladdin and others},
  year = {2021},
  note = {to appear},
  journal={Alzheimer's \& Dementia}
}

@article{Salloway2021a,
abstract = {Dominantly inherited Alzheimer's disease (DIAD) causes predictable
	    biological changes decades before the onset of clinical symptoms,
	    enabling testing of interventions in the asymptomatic and
	    symptomatic stages to delay or slow disease progression. We
	    conducted a randomized, placebo-controlled, multi-arm trial of
	    gantenerumab or solanezumab in participants with DIAD across
	    asymptomatic and symptomatic disease stages. Mutation carriers were
	    assigned 3:1 to either drug or placebo and received treatment for
	    4â€“7 years. The primary outcome was a cognitive end point; secondary
	    outcomes included clinical, cognitive, imaging and fluid biomarker
	    measures. Fifty-two participants carrying a mutation were assigned
	    to receive gantenerumab, 52 solanezumab and 40 placebo. Both drugs
	    engaged their A$\beta$ targets but neither demonstrated a
	    beneficial effect on cognitive measures compared to controls. The
	    solanezumab-treated group showed a greater cognitive decline on
	    some measures and did not show benefits on downstream biomarkers.
	    Gantenerumab significantly reduced amyloid plaques, cerebrospinal
	    fluid total tau, and phospho-tau181 and attenuated increases of
	    neurofilament light chain. Amyloid-related imaging abnormalities
	    edema was observed in 19.2% (3 out of 11 were mildly symptomatic)
	    of the gantenerumab group, 2.5% of the placebo group and 0% of the
	    solanezumab group. Gantenerumab and solanezumab did not slow
	    cognitive decline in symptomatic DIAD. The asymptomatic groups
	    showed no cognitive decline; symptomatic participants had declined
	    before reaching the target doses.},
author = {Salloway, Stephen and Farlow, Martin and McDade, Eric and Clifford,
	  David B and Wang, Guoqiao and Llibre-Guerra, Jorge J and Hitchcock,
	  Janice M and Mills, Susan L and Santacruz, Anna M and Aschenbrenner,
	  Andrew J and Hassenstab, Jason and Benzinger, Tammie L S and Gordon,
	  Brian A and Fagan, Anne M and Coalier, Kelley A and Cruchaga, Carlos
	  and Goate, Alison A and Perrin, Richard J and Xiong, Chengjie and Li,
	  Yan and Morris, John C and Snider, B Joy and Mummery, Catherine and
	  Surti, G Mustafa and Hannequin, Didier and Wallon, David and Berman,
	  Sarah B and Lah, James J and Jimenez-Velazquez, Ivonne Z and
	  Roberson, Erik D and van Dyck, Christopher H and Honig, Lawrence S
	  and S{\'{a}}nchez-Valle, Raquel and Brooks, William S and Gauthier,
	  Serge and Galasko, Douglas R and Masters, Colin L and Brosch, Jared R
	  and Hsiung, Ging-Yuek Robin and Jayadev, Suman and Formaglio,
	  Mait{\'{e}} and Masellis, Mario and Clarnette, Roger and Pariente,
	  J{\'{e}}r{\'{e}}mie and Dubois, Bruno and Pasquier, Florence and
	  Jack, Clifford R and Koeppe, Robert and Snyder, Peter J and Aisen,
	  Paul S and Thomas, Ronald G and Berry, Scott M and Wendelberger,
	  Barbara A and Andersen, Scott W and Holdridge, Karen C and Mintun,
	  Mark A and Yaari, Roy and Sims, John R and Baudler, Monika and
	  Delmar, Paul and Doody, Rachelle S and Fontoura, Paulo and Giacobino,
	  Caroline and Kerchner, Geoffrey A and Bateman, Randall J and
	  Formaglio, Mait{\'{e}} and Mills, Susan L and Pariente,
	  J{\'{e}}r{\'{e}}mie and van Dyck, Christopher H and Unit, the
	  Dominantly Inherited Alzheimer Networkâ€“Trials},
doi = {10.1038/s41591-021-01369-8},
issn = {1546-170X},
journal = {Nature Medicine},
title = {{A trial of gantenerumab or solanezumab in dominantly inherited Alzheimer's disease}},
url = {https://doi.org/10.1038/s41591-021-01369-8},
year = {2021}
}

@article{hendrickson2021impact,

  title={The Impact of the COVID-19 Pandemic on Mental Health, Occupational
	 Functioning, and Professional Retention Among Health Care Workers and
	 First Responders},
  author={Hendrickson, Rebecca C and Slevin, Rois{\'\i}n A and Hoerster,
	  Katherine D and Chang, Bernard P and Sano, Ellen and McCall, Catherine
	  A and Monty, Gillian R and Thomas, Ronald G and Raskind, Murray A},
  journal={Journal of general internal medicine},
  pages={1--12},
  year={2021},
  publisher={Springer}
}

