@article{mcevoy2024cumulative,
  title={Cumulative blast impulse is predictive for changes in chronic neurobehavioral symptoms following low level blast exposure during military training},
  author={McEvoy, Cory and Crabtree, Adam and Case, John and Means, Gary E and Muench, Peter and Thomas, Ronald G and Ivory, Rebecca A and Mihalik, Jason and Meabon, James S},
  journal={Military medicine},
  pages={e2069-e2077},
  year={2024},
  publisher={Oxford University Press US}
}

@article{galasko2024multicenter,
  title={A multicenter, randomized, double-blind, placebo-controlled ascending dose study to evaluate the safety, tolerability, pharmacokinetics (PK) and pharmacodynamic (PD) effects of Posiphen in subjects with Early Alzheimer's Disease},
  author={Galasko, Douglas and Farlow, Martin R and Lucey, Brendan P and Honig, Lawrence S and Elbert, Donald and Bateman, Randall and Momper, Jeremiah and Thomas, Ronald G and Rissman, Robert A and Pa, Judy and others},
  journal={Alzheimer's Research \& Therapy},
  volume={16},
  number={1},
  pages={151},
  year={2024},
  publisher={BioMed Central London}
}

@article{terry2024increased,
  title={Increased [18F] Fluorodeoxyglucose Uptake in the Left Pallidum in Military Veterans with Blast-Related Mild Traumatic Brain Injury: Potential as an Imaging Biomarker and Mediation with Executive Dysfunction and Cognitive Impairment},
  author={Terry, Garth and Pagulayan, Kathleen F and Muzi, Mark and Mayer, Cynthia and Murray, Daniel R and Schindler, Abigail G and Richards, Todd L and McEvoy, Cory and Crabtree, Adam and McNamara, Chris and others},
  journal={Journal of Neurotrauma},
  year={2024},
  publisher={Mary Ann Liebert, Inc., publishers 140 Huguenot Street, 3rd Floor New~â€¦}
}

@article{hendrickson2023relative,
  title={The relative contribution of COVID-19 infection versus COVID-19 related occupational stressors to insomnia in healthcare workers},
  author={Hendrickson, Rebecca C and McCall, Catherine A and Rosser, Aaron F and Pagulayan, Kathleen F and Chang, Bernard P and Sano, Ellen D and Thomas, Ronald G and Raskind, Murray A},
  journal={Sleep medicine: X},
  volume={5},
  pages={100067},
  year={2023},
  publisher={Elsevier}
}

@article{ghisays2023impact,
  title={Impact of reference region on longitudinal florbetapir PET SUVR changes from the API ADAD Colombia Trial},
  author={Ghisays, Valentina and Lopera, Francisco and Su, Yi and Malek-Ahmadi, Michael H and Chen, Yinghua and Protas, Hillary D and Luo, Ji and Hu, Nan and Clayton, David and Schiffman, Courtney and others},
  journal={Alzheimer's \& Dementia},
  volume={19},
  pages={e082317},
  year={2023}
}

@article{qiu2023prognostic,
  title={Prognostic value of plasma biomarkers in a clinical trial of mild-to-moderate Alzheimer's Disease},
  author={Qiu, Yuqi and Messer, Karen and Jacobs, Diane M and Salmon, David P and Kaplita, Stephen and Wellington, Cheryl L and Stukas, Sophie K and Askew, Brianna and Brewer, James B and Brody, Mark and others},
  journal={Alzheimer's \& Dementia},
  volume={19},
  pages={e076047},
  year={2023}
}

@inproceedings{terry2023fdg,
  title={FDG-PET as a Clinical Diagnostic Biomarker for Repetitive Blast Mild Traumatic Brain Injury},
  author={Terry, Garth and Pagulayan, Kati and Muzi, Mark and Mayer, Cynthia and Murray, Daniel and Schindler, Abigail and Richards, Todd and McEvoy, Cory and Crabtree, Adam and McNamara, Chris and others},
  booktitle={NEUROPSYCHOPHARMACOLOGY},
  volume={48},
  pages={320--321},
  year={2023},
  organization={SPRINGERNATURE CAMPUS, 4 CRINAN ST, LONDON, N1 9XW, ENGLAND}
}

@article{keil2023longitudinal,
  title={Longitudinal Sleep Patterns and Cognitive Impairment in Older Adults},
  author={Keil, Samantha A and Schindler, Abigail G and Wang, Marie X and Piantino, Juan and Silbert, Lisa C and Elliott, Jonathan E and Werhane, Madeleine L and Thomas, Ronald G and Willis, Sherry and Lim, Miranda M and others},
  journal={JAMA Network Open},
  volume={6},
  number={12},
  pages={e2346006--e2346006},
  year={2023},
  publisher={American Medical Association}
}

@article{vila2022sex,
  title={Sex differences in cognitive resilience in preclinical autosomal-dominant Alzheimer's disease carriers and non-carriers: baseline findings from the API ADAD Colombia Trial},
  author={Vila-Castelar, Clara and Tariot, Pierre N and Sink, Kaycee M and Clayton, David and Langbaum, Jessica B and Thomas, Ronald G and Chen, Yinghua and Su, Yi and Chen, Kewei and Hu, Nan and others},
  journal={Alzheimer's \& Dementia},
  volume={18},
  number={11},
  pages={2272--2282},
  year={2022}
}

@article{reiman2023public,
  title={A public resource of baseline data from the Alzheimer's Prevention Initiative Autosomal-Dominant Alzheimer's Disease Trial},
  author={Reiman, Eric M and Pruzin, Jeremy J and Rios-Romenets, Silvia and Brown, Chris and Giraldo, Margarita and Acosta-Baena, Natalia and Tobon, Carlos and Hu, Nan and Chen, Yinghua and Ghisays, Valentina and others},
  journal={Alzheimer's \& Dementia},
  volume={19},
  number={5},
  pages={1938--1946},
  year={2023}
}

@article{meabon2023pontine,
  title={Pontine pathology mediates common symptoms of blast-induced chronic mild traumatic brain injury},
  author={Meabon, James S and Schindler, Abigail G and Murray, Daniel R and Colasurdo, Elizabeth A and Sikkema, Carl L and Rodriguez, Joshua W and Omer, Mohamed and Cline, Marcella M and Logsdon, Aric F and Cross, Donna J and others},
  journal={medRxiv},
  pages={2023--01},
  year={2023},
  publisher={Cold Spring Harbor Laboratory Press}
}

@article{raskind2023randomized,
  title={A randomized controlled clinical trial of prazosin for alcohol use disorder in active duty soldiers: Predictive effects of elevated cardiovascular parameters},
  author={Raskind, Murray A and Williams, Tammy and Holmes, Hollie and Hart, Kim and Crews, Laura and Poupore, Eileen L and Thomas, Ronald G and Darnell, Jolee and Daniels, Colin and Goke, Kevin and others},
  journal={Alcoholism: Clinical and Experimental Research},
  volume={47},
  number={2},
  pages={348--360},
  year={2023}
}

@article{hendrickson2022impact,
  title={The impact of the COVID-19 pandemic on mental health, occupational functioning, and professional retention among health care workers and first responders},
  author={Hendrickson, Rebecca C and Slevin, Rois{\'\i}n A and Hoerster, Katherine D and Chang, Bernard P and Sano, Ellen and McCall, Catherine A and Monty, Gillian R and Thomas, Ronald G and Raskind, Murray A},
  journal={Journal of general internal medicine},
  volume={37},
  number={2},
  pages={397--408},
  year={2022},
  publisher={Springer International Publishing}
}

@article{shadyab2022t2,
  title={T2 Protect AD: Achieving a rapid recruitment timeline in a multisite clinical trial for individuals with mild to moderate Alzheimer's disease},
  author={Shadyab, Aladdin H and LaCroix, Andrea Z and Matthews, Genevieve and Bennett, Daniel and Shadyab, Alexandre A and Tan, Donna and Thomas, Ronald G and Mason, Jennifer and Lopez, Alex and Askew, Brianna and others},
  journal={Alzheimer's \& Dementia: Translational Research \& Clinical Interventions},
  volume={8},
  number={1},
  pages={e12265},
  year={2022}
}